2648 4792
123 338 167 414 24
444 330 706 399 rnornnrrr
731 333 844 396 vira

120 457 228 517 Planci
242 457 385 538 inprimis
396 456 544 517 sententia
555 479 562 516 ε
573 455 635 518 vid.
652 457 810 539 Heynium
827 456 886 517 loc.
904 459 955 518 cit.
972 459 1019 519 Ue
1037 460 1165 519 nomine

120 557 187 638 ipso
202 553 327 637 ejusque
340 566 490 636 potestate
501 555 665 616 consulant
675 553 805 635 juvenes
815 552 978 617 Schwanii
989 556 1162 617 Observare.

119 650 159 713 od
169 652 394 735 Nieupoortum
404 672 474 735 pag.
493 653 547 733 195
559 674 625 735 sqq.
637 655 715 713 Ante
721 650 806 714 hunc
812 654 908 735 igitur
916 674 1035 715 annum
1044 654 1163 737 scriptae

119 768 184 809 nou
195 769 259 809 esse
270 762 400 832 possunt
412 748 473 811 illte
485 750 637 832 Propertii
648 751 748 829 nostri
760 750 880 834 elegite,
894 751 927 811 in
935 751 1049 834 quibus
1062 752 1164 811 nomi·

120 845 167 906 nis
188 843 282 928 hujus
306 847 619 923 firmenti03u111,
645 870 697 924 ro,
725 848 780 923 153
802 849 861 924 Ill,
882 869 934 923 ιι,
954 849 1008 921 5ος
1027 849 1089 925 ΙΙΙ,
1111 869 1164 922 ιι,

120 963 157 1020 2,
167 958 225 1005 etc.

442 1099 473 1149 Δ.
484 1100 517 1150 U.
531 1098 561 1151 C.
576 1098 644 1168 7283
658 1099 788 1169 Propertii
801 1114 846 1167 ²7·

319 1178 407 1230 Cesar
417 1177 552 1248 Augustus
564 1179 640 1239 Vlllg
654 1179 685 1229 Τ.
698 1177 814 1231 Statilius
824 1180 929 1230 Taurus
937 1178 970 1230 ll.

160 1334 299 1396 Cornelii
313 1334 396 1396 Galli
408 1356 492 1397 mors
505 1336 698 1411 voluntaria,
712 1357 783 1419 quae
793 1335 904 1398 occidit
919 1356 1003 1411 non,
1017 1347 1052 1394 ut
1065 1335 1166 1394 Hora-

119 1431 206 1492 tiano
221 1432 380 1514 interpreti
396 1432 512 1515 plaoet‚
531 1432 567 1492 Δ.
580 1433 618 1493 U.
633 1430 693 1514 724
706 1433 859 1515 (namque
874 1431 1040 1516 prefuerat
1057 1429 1167 1491 Gallus

119 1528 251 1612 AEffirpto
269 1550 323 1612 per
344 1542 478 1610 quatuor
496 1548 615 1604 annos,
637 1542 667 1588 et
686 1549 770 1589 anno
790 1527 849 1612 724
867 1530 1015 1611 AEgyptus
1039 1527 1167 1588 demum

119 1626 281 1706 provincia
301 1626 443 1686 Romano
463 1624 544 1686 fecta
564 1625 642 1704 est),
666 1624 718 1685 sed
744 1646 828 1685 anno
850 1647 868 1686 n
888 1624 976 1686 nobis
991 1626 1108 1708 posit03
1125 1623 1166 1685 cf.
1189 1674 1193 1707 7

120 1723 182 1784 Dio
198 1722 277 1784 Llll.
296 1724 368 1784 Non
386 1724 482 1805 igitur
502 1736 574 1784 onte
591 1720 675 1784 hune
698 1743 818 1784 annum
838 1723 951 1806 scripta
968 1735 1012 1783 est
1027 1720 1105 1803 eleg.
1127 1718 1168 1797 31,

120 1818 175 1880 lib.
190 1820 236 1894 ΙΙ,
251 1833 378 1903 propter
395 1842 451 1882 vss.
470 1841 607 1901 91-92,
626 1821 786 1903 inprimis,
800 1842 898 1904 quum
916 1821 1010 1882 etiam
1025 1819 1168 1880 AEneidos

120 1916 299 2005 Virgilianae
313 1915 522 1977 honorificam
540 1917 731 1978 mentionem
747 1916 837 1977 iaciat
852 1920 962 1979 Noster
973 1938 1030 1979 vss.
1043 1918 1078 1977 6ι
1099 1937 1166 1998 sqq.

121 2013 200 2076 Coll.
223 2015 296 2077 Vite
317 2015 428 2098 Virgil.
451 2014 600 2078 Chronol.
621 2016 662 2076 ad
683 2019 717 2077 A.
738 2017 776 2077 U.
797 2014 857 2099 724
879 2015 935 2078 fin.
959 2030 989 2077 et
1005 2018 1107 2099 Heyn.
1127 2014 1167 2074 ad

121 2109 240 2174 AEneid.
256 2115 349 2191 Vlll,
369 2114 440 2196 675.

441 2291 472 2341 A.
486 2293 518 2343 U.
532 2290 563 2343 C.
576 2291 645 2361 7303
659 2290 789 2361 Propertii
801 2307 844 2358 ²9·

336 2369 423 2422 Coesnr
433 2371 568 2440 Angustus
580 2370 621 2431 Χ,
634 2369 667 2421 C.-
675 2368 818 2422 Norbanus
829 2367 948 2421 Flaccus.

161 2528 255 2588 AElius
275 2529 384 2591 Gallus
404 2532 568 2593 Arabicam
586 2533 710 2616 suscipit
728 2533 973 2616 expeditionem
992 2531 1044 2590 vix
1061 2542 1168 2588 tamen

121 2645 176 2705 per
195 2625 359 2687 biennium
381 2630 415 2689 in
435 2630 525 2691 terris
542 2629 603 2690 illis
624 2643 852 2708 commoratus,
876 2629 1010 2689 maxima
1032 2625 1170 2686 militum

120 2735 208 2804 porte
231 2726 342 2787 omissa
365 2727 478 2788 morbo
498 2728 635 2810 quodam
651 2727 779 2790 insolito
798 2726 940 2809 nullique
957 2739 1109 2787 notorum
1128 2724 1169 2783 si-

120 2817 203 2895 mili,
216 2819 255 2880 ab
265 2822 417 2884 Arabibus
426 2845 480 2884 sua
490 2825 614 2906 regione
623 2824 800 2908 expellitnr3
815 2836 955 2884 auctores
966 2822 1075 2884 Strabo
1086 2819 1169 2895 XVl,

120 2929 151 2976 et
168 2919 229 2978 Dio
246 2919 336 2998 Llll‚
356 2922 411 3003 qui
425 2934 530 2983 tamen
549 2923 682 2984 inducis
700 2937 782 2984 errat
799 2922 942 2996 nomine,
960 2920 1039 2980 dum
1055 2918 1170 2979 AEliurn

121 3014 259 3097 burgum
280 3033 384 3080 voeat.
403 3021 557 3103 Imposuit
574 3021 635 3083 Dio
661 3019 858 3083 Broulthusio
879 3040 1005 3101 quoque
1027 3018 1066 3077 ed
1092 3018 1169 3077 Pro·

121 3114 198 3193 pert.
210 3114 255 3190 ll,
272 3136 325 3190 ro,
334 3136 369 3191 2,
381 3117 424 3176 ita
437 3131 472 3178 ut
484 3118 688 3179 Casoubonus
697 3139 823 3201 quoque
832 3116 965 3177 humani
977 3114 1053 3197 quid
1064 3134 1169 3196 passus

121 3221 183 3284 est,
198 3210 381 3273 Strabonem
395 3211 432 3272 de
447 3213 592 3275 Cornelio
607 3213 699 3274 Gallo
711 3212 877 3295 explicans.
890 3211 968 3272 Vide
983 3213 1114 3272 linteum
1129 3207 1169 3268 ad

121 3304 230 3387 virgil.
245 3308 361 3370 AEneid.
376 3310 451 3386 Vll,
466 3312 544 3386 605,
559 3326 604 3386 et,
619 3333 713 3393 quem
726 3310 850 3385 laudat,
868 3309 1025 3370 valesium
1039 3306 1079 3366 ad
1096 3307 1168 3366 Arn-

121 3422 274 3465 mianum.

161 3500 248 3561 Ciroa
267 3500 326 3563 hoe
340 3515 461 3586 tempus
484 3508 597 3588 scripta
610 3506 733 3567 ridetur
745 3506 842 3588 elegia
861 3526 895 3565 ιο
909 3503 965 3564 lib.
979 3504 1025 3577 ΙΙ,
1044 3512 1170 3583 propter

123 3617 165 3656 vs.
184 3599 234 3657 16:

322 3744 442 3791 Etdomnt
453 3749 544 3794 intacta
552 3760 575 3793 te
586 3749 715 3813 (Anqnste)
727 3749 807 3794 tremit
819 3746 915 3792 Arabiae.

122 3896 227 3975 Neque
238 3898 321 3957 enirn
333 3900 542 3963 Broulthusius
556 3903 746 3978 audiendus,
759 3905 814 3984 qui
824 3902 862 3962 ad
878 3922 921 3961 vs.
935 3923 951 3961 2
965 3900 1054 3982 hujus
1065 3898 1168 3978 elegis:

122 3990 200 4053 dell.
214 3995 250 4053 U.
263 3997 320 4075 752
334 4002 466 4080 cogitat,
481 4015 607 4084 propter
620 4002 722 4064 locum
736 4001 859 4074 Ovidii,
873 4001 936 4061 Art.
953 4001 1051 4059 rlrnat.
1064 3998 1095 4070 Ι,
1113 4019 1167 4076 ¹77
