2648 4792
129 427 167 468 ια
447 406 707 472 PROPERTll
735 408 847 474 VlTA

30 540 35 551 '
123 545 255 613 spretam
263 530 342 613 juris
353 531 512 593 scientiam
522 552 540 592 s
551 532 664 594 Nostro
676 532 868 610 subindicat,
880 534 1001 617 forique
1009 540 1163 600 meminit.

123 629 181 691 Cui
194 630 344 713 Propertii
356 642 429 691 aetas
446 629 588 691 nondum
607 642 680 714 apta
695 633 767 693 satis
786 633 951 717 pangendo
969 636 1099 699 carmini
1117 638 1163 696 vi-

123 725 225 803 detur,
240 729 267 787 is
280 725 374 787 velim
385 727 514 808 cogitet,
530 726 678 789 Ovidium
696 749 820 812 quoque
833 729 1005 792 admodum
1015 729 1162 813 juvenem

123 824 260 886 carmina
268 847 324 888 sua
332 825 470 887 recitasse
479 825 612 908 publice,
621 827 699 888 sicut
711 829 776 910 ipsc
784 828 869 888 canit
880 829 970 891 Trist.
982 828 1035 905 lV,
1051 851 1098 907 so,
1109 830 1146 893 55
1155 856 1173 922 :¹

307 980 384 1043 thue
396 994 440 1041 ego
449 980 560 1042 majores,
570 982 603 1028 sic
612 996 649 1027 me
661 980 751 1028 coluere
760 982 874 1038 minoren

338 1050 445 1114 Notaque
453 1066 500 1098 non
509 1051 574 1099 orde
583 1049 644 1100 iacta
652 1051 733 1099 Thalis
740 1068 794 1100 mea
801 1064 843 1100 cst.

307 1121 414 1169 Carmina
423 1138 495 1185 qnum
504 1125 607 1187 primum
614 1123 703 1187 populo
709 1123 822 1187 J'nrenilis
830 1124 887 1189 legi,

338 1193 411 1240 uun·
420 1206 507 1241 resecta
516 1193 573 1242 nihi
581 1194 646 1242 bisve
655 1193 755 1242 semelve
763 1194 816 1242 fnit.

440 1329 472 1379 Δ.
487 1327 520 1378 U.
533 1326 562 1378 C.
577 1343 624 1396 7²¹
637 1347 644 1388 ;
658 1327 787 1397 Propertii
803 1343 845 1380 ao.

288 1403 373 1456 (hear
384 1403 546 1458 Octavianus
557 1406 597 1468 ll;
609 1403 744 1458 Volcatius
759 1404 868 1472 Tullus,
881 1408 910 1459 L.
923 1405 999 1457 filius.

162 1558 249 1621 Circa
272 1561 333 1624 hoc
352 1575 474 1645 tempus
498 1565 633 1645 Lycinna
654 1563 796 1645 quaedam
820 1565 1016 1647 Propertium
1038 1565 1165 1627 Veneris

122 1657 213 1718 sacris
227 1660 347 1737 initiat,
357 1662 398 1722 ita
412 1661 652 1744 tamen,utipse
662 1682 730 1722 non
741 1675 806 1722 tam
817 1674 913 1738 amet,
924 1683 1017 1744 quam
1029 1675 1162 1724 ametur:

121 1753 206 1816 unde
216 1753 286 1836 jure
297 1778 353 1819 suo
369 1757 406 1818 de
418 1756 566 1841 Cynthia,
579 1750 903 1841 postesquam'amoris
910 1761 1087 1822 tirocinium
1098 1758 1164 1842 jam

123 1868 284 1933 posuerat,
299 1856 329 1932 Ι,
349 1878 380 1931 ι,
401 1877 431 1916 s:

306 2021 866 2089 Gyndts'srpn'masaismiserummecepitocellis,

337 2097 475 2145 Contactam
486 2094 556 2143 nullis
565 2108 620 2142 ante
628 2093 784 2158 cupidinibus.

122 2207 161 2266 Et
172 2205 203 2283 l,
221 2229 273 2287 12,
288 2231 345 2274 ao:

339 2351 578 2418 Cyntimprs'mafu't,
587 2351 687 2418 Cynthia
697 2352 749 2400 linia
759 2349 819 2399 crit.'

121 2472 168 2536 De
179 2477 325 2559 Lycinnae
336 2492 441 2541 autem
452 2482 615 2543 conatibus
626 2478 784 2542 irretiendi
797 2478 959 2554 Nostrum,
969 2477 1033 2560 ipse
1042 2477 1100 2553 Ill,
1115 2478 1170 2568 15,

124 2572 159 2647 53
173 2595 268 2656 quam
282 2576 411 2658 elegiam
424 2577 565 2660 equidem
580 2577 628 2638 vel
645 2577 779 2637 maxime
792 2586 952 2655 tamquam
965 2571 1056 2633 filum
1068 2570 1167 2653 quod·

123 2667 196 2729 dam
208 2672 397 2733 Ariadueurn
410 2674 444 2734 in
458 2672 675 2756 computandis
685 2673 777 2733 annis
791 2669 944 2752 Propertii
957 2680 1077 2750 sequor.
1091 2666 1168 2729 lnde

122 2767 225 2844 euim,
244 2770 303 2830 nisi
321 2791 371 2832 me
389 2772 493 2832 omnia
515 2769 644 2847 fallunt,
665 2767 829 2830 manifesto
851 2779 954 2850 patet,
972 2765 1165 2848 Propertium

123 2863 226 2922 statim
240 2885 259 2924 a
270 2878 369 2927 sumta
383 2866 465 2926 virili
479 2881 552 2948 toga
563 2867 597 2926 ln
607 2867 757 2951 Lyciunae
769 2864 925 2926 amoribus
935 2882 1099 2945 perunum
1114 2876 1168 2921 aut

123 2958 256 3022 alterum
270 2983 391 3024 annum
406 2977 561 3025 versatum
574 2984 652 3039 esse,
673 2962 758 3045 quod
779 2975 809 3023 et
828 2959 999 3023 Passeratio
1015 2959 1055 3020 ad
1074 2961 1167 3019 istum

33 3048 37 3055 ’
123 3053 224 3117 locum
236 3059 279 3120 ita
290 3060 422 3122 videtur.
436 3059 493 3149 Sed
504 3072 611 3143 captus
624 3071 693 3144 post
705 3082 723 3120 a
733 3057 867 3142 Cynthia
875 3059 984 3118 Noster
995 3056 1166 3138 Lycinnam

124 3152 249 3232 deserit,
269 3169 318 3238 et,
338 3180 437 3241 quum
457 3158 587 3240 elegiam
613 3159 647 3218 15
674 3158 729 3219 lib.
751 3158 795 3218 111
816 3155 976 3230 scriberet,
998 3174 1052 3236 per
1074 3155 1167 3213 trien·

124 3252 214 3314 nium
229 3254 292 3316 lere
305 3276 377 3316 cum
387 3256 523 3340 Cynthia
534 3269 753 3331 consueverat,
767 3255 845 3315 sicut
859 3254 923 3334 ipsc
934 3252 1016 3313 canit
1027 3272 1070 3312 vs.
1084 3271 1120 3332 7:

281 3402 381 3456 Tertius,
391 3399 454 3447 hand
463 3401 536 3448 multo
547 3402 623 3448 minus
631 3411 678 3456 est,
688 3414 761 3462 qnum
769 3399 859 3445 duriter
865 3411 940 3443 onnus
947 3412 956 3442 .·

309 3471 353 3518 vu
360 3474 456 3519 memini
465 3473 530 3520 nohis
540 3472 612 3534 (ms‘lu‘
620 3481 643 3520 st
652 3471 771 3532 mmm)
784 3469 855 3517 rerba
865 3470 938 3516 coisse
948 3467 1037 3515 decem.

279 3544 367 3590 Cuncta
376 3555 430 3591 snm
439 3544 545 3608 sepelivit
553 3560 633 3600 arnon
645 3558 689 3590 nec
698 3541 784 3588 femina
791 3551 876 3604 postte

309 3611 364 3659 Ulla
373 3612 437 3662 dedit
446 3614 509 3663 collo
519 3615 598 3663 didcia
606 3613 683 3661 vincla
691 3628 752 3660 meo.

125 3738 195 3798 Jam
206 3738 230 3798 si
241 3739 414 3824 Propertius
428 3745 567 3826 quinque
581 3762 682 3804 annos
694 3741 796 3803 serviit
807 3736 964 3823 Cynthiae,
977 3751 1013 3800 ut
1027 3737 1093 3818 ipae
1107 3735 1168 3807 111,

127 3837 181 3912 25,
197 3837 230 3914 3,
244 3842 342 3917 canit,

312 3995 417 4058 Quaque
425 3995 466 4042 tibi
475 3998 540 4059 potui
549 3997 634 4042 servire
643 3993 743 4043 lidclitcr
750 4007 834 4049 annos,
