2648 4792
396 373 483 436 can
507 371 662 438 anuos
685 371 897 437 urcusra.
1129 393 1172 460 29

134 501 265 561 carmina
279 489 658 580 plersqne'contineantur
669 496 751 554 intra
765 496 902 577 spatium
919 514 1077 554 annorum
1089 496 1126 554 ll.
1137 495 1172 555 C.

134 595 303 679 732-739,
321 593 444 654 videtur
456 592 634 674 Propertius
646 589 741 672 paulo
752 604 823 672 post
833 602 973 650 mortuus
987 610 1067 666 esse,
1082 589 1174 652 adeo·

134 715 186 774 que
195 692 381 755 vaticinium
392 687 533 772 Cynthiae
547 689 665 750 exitum
680 686 822 748 babuisse
832 688 885 762 iv,
902 709 932 770 7,
945 687 1002 768 932

318 883 864 950 nanenporudemnlieemoxsolsnnebo3

348 961 442 1006 Mecum
451 960 510 1014 eris.
521 971 544 1007 et
552 958 627 1004 mistis
636 955 727 1005 ossibus
736 970 789 1002 om
797 967 878 1005 teram.

133 1118 305 1200 Namquesi
318 1119 497 1201 Propertius
505 1115 607 1179 adhuc
615 1115 737 1178 vixisset
745 1135 829 1176 anno
840 1125 999 1197 sequente,
1013 1113 1174 1175 victoriam

133 1213 219 1275 llrusi
240 1214 280 1275 de
296 1211 410 1276 libetis
427 1226 636 1297 reportatam,
660 1212 700 1273 ab
721 1211 850 1273 Horatio
865 1225 929 1271 tum
945 1208 1110 1293 magnifico
1127 1209 1175 1270 lu·

133 1309 314 1394 calentoque
332 1312 468 1372 carmine
485 1312 557 1392 (IV,
575 1307 610 1388 l)
628 1309 829 1384 celebratam,
849 1307 971 1369 silentio
990 1308 1175 1390 pretermis-

133 1426 214 1469 snrus
227 1428 293 1468 non
310 1407 433 1484 fuisset3
444 1409 505 1470 nisi
516 1421 619 1468 tamen
635 1407 755 1490 aliquot
773 1406 898 1467 fortasse
911 1406 1049 1465 carmina
1063 1405 1097 1464 in
1114 1402 1176 1463 fine

133 1505 251 1568 Codicis
260 1505 345 1567 illius
355 1505 459 1568 detriti
473 1507 701 1590 atquecorrosi,
711 1506 767 1587 qui
777 1504 895 1566 incella
905 1504 1177 1564 vinariainventus

133 1603 206 1681 fitit,
222 1598 450 1689 longinquitate
463 1607 609 1689 temporis
623 1605 789 1690 perierunt.
803 1604 879 1680 Quae
895 1605 919 1663 si
933 1600 1009 1663 false
1022 1614 1067 1662 est
1078 1603 1178 1683 suspi-

133 1700 191 1778 cio,
207 1700 339 1763 libenter
358 1703 502 1785 equidem
520 1702 679 1764 subscribo
696 1700 854 1764 sententiae
875 1700 1033 1775 Massoni,
1057 1699 1091 1758 in
1113 1698 1176 1757 Vit.

133 1799 236 1860 Ovidii
248 1801 282 1862 A.
298 1802 336 1861 U.
354 1801 413 1885 739
427 1802 605 1863 scribentis:
624 1802 814 1876 acetosum,
827 1797 1083 1881 quandoquidem
1104 1798 1178 1857 Pro·

134 1897 245 1976 pertins
256 1917 340 1957 anno
353 1900 509 1980 praeterito
522 1911 726 1982 postremum,
741 1898 826 1980 quod
845 1899 880 1957 in
891 1893 956 1978 ejus
970 1894 1116 1977 operibus
1128 1914 1178 1953 oc·

133 1994 239 2066 currit,
252 2013 378 2055 carmen
388 1995 536 2071 muravit,
551 2008 586 2055 ut
599 1995 633 2055 in
642 1992 707 2076 ejus
718 1996 789 2054 Vita
803 1994 902 2054 fusius
914 1993 1179 2065 demonstramus,

134 2111 186 2151 nec
196 2088 287 2151 eliud
307 2107 364 2169 est,
380 2093 466 2176 quod
483 2094 524 2154 ud
539 2092 757 2175 subsequentes
772 2113 870 2153 annos
889 2090 1001 2153 referre
1013 2111 1069 2174 per
1082 2101 1178 2150 certas

134 2187 279 2269 temporis
299 2202 389 2248 notas
403 2189 507 2263 liceat;
524 2187 598 2250 binc
619 2187 684 2272 ejus
705 2189 827 2249 obitum
847 2188 976 2248 ulterius
992 2183 1178 2269 protrahen-

134 2284 223 2361 dum,
235 2306 434 2369 nequaquam
444 2288 650 2362 arbitramnr;
663 2289 812 2365 maxime,
825 2308 925 2371 quum
934 2282 1180 2348 constetbnncce

134 2398 256 2464 poetam
265 2381 333 2466 jam
349 2399 421 2445 ante
434 2383 550 2446 editam
563 2387 666 2447 Artem
683 2387 875 2448 Amatoriam
889 2384 1080 2445 decessisse.»
1096 2381 1179 2441 Hinc

134 2480 227 2563 igitur
247 2494 332 2562 patet
353 2482 564 2565 Propertium
578 2482 746 2545 admodum
771 2480 919 2564 juvenem
950 2503 1012 2542 esse
1035 2497 1179 2562 raptum,

134 2580 180 2638 cni
199 2581 243 2639 rei
255 2579 392 2640 vindicio
402 2601 526 2664 quoque
538 2581 655 2642 fuerint
666 2594 714 2643 tot
728 2602 762 2642 ac
776 2594 862 2641 tanta
878 2594 974 2662 poetae
989 2562 1180 2661 ipsius'teoi·

135 2676 257 2752 monia,
276 2676 390 2756 quibus
405 2691 440 2739 ut
456 2677 644 2740 viridissimo
663 2677 740 2740 flore
755 2677 891 2762 ephebus
902 2678 1034 2760 passim,
1049 2697 1085 2737 ac
1098 2671 1182 2734 velut

136 2775 166 2832 in
191 2775 301 2856 primis
323 2775 425 2838 adhuc
450 2776 509 2838 illis
531 2778 743 2840 adolescentie
756 2778 888 2856 iretis,s
911 2797 943 2837 se
961 2776 1153 2858 depingitur3
1166 2798 1180 2827 u

134 2873 308 2951 (quaesunt
325 2873 416 2933 verbe
436 2875 464 2933 J.
486 2876 597 2935 Dousae
621 2877 655 2936 in
674 2874 782 2936 Sched.
802 2874 941 2952 succid.).
956 2872 1047 2950 Quod
1066 2873 1091 2931 si
1110 2891 1181 2931 vero

136 2988 190 3050 pro
212 2982 298 3029 certo
320 2973 417 3031 teneri
446 2985 560 3053 potest,
585 2994 712 3034 carmen
735 2973 851 3034 'l'ibulli
879 2973 1034 3054 primum,
1057 2966 1181 3030 secund.

135 3067 365 3148 Ayrmannum,
382 3070 515 3131 incidere
528 3073 560 3130 in
571 3071 606 3129 A.
616 3072 654 3130 U.
667 3070 741 3151 723,
756 3090 818 3151 qno
830 3089 915 3129 anno
927 3066 1063 3128 -Messala
1078 3064 1184 3124 consul

135 3162 193 3224 fuit
203 3164 302 3245 (qnod
313 3163 473 3226 heroicum
484 3187 608 3228 carmen
621 3175 680 3241 est)
690 3211 698 3240 ,
708 3179 738 3227 et
750 3185 832 3248 seqq.
845 3165 971 3225 demum
983 3164 1073 3223 annis
1087 3181 1184 3242 nsque

136 3259 173 3318 ad
185 3262 220 3321 A.
236 3262 274 3320 U.
290 3282 348 3343 7²7
365 3261 478 3344 elegias
499 3263 613 3344 passim
632 3264 819 3345 compositas
841 3262 881 3321 ab
902 3260 1011 3322 eodem
1035 3259 1144 3332 fuisse,
1167 3279 1184 3318 e

137 3373 238 3417 nostra
257 3379 413 3420 annorum
432 3362 668 3443 computatione
687 3359 780 3420 simul
800 3358 974 3441 adparebit,
994 3377 1093 3440 quum
1111 3358 1187 3416 Pro·

138 3456 224 3535 pertii
239 3455 381 3518 Crnrnra
393 3454 461 3536 jam
481 3461 515 3519 A.
535 3461 572 3519 U.
595 3456 654 3540 724
674 3459 756 3520 edita
771 3473 801 3520 et
816 3472 882 3519 toto
899 3457 966 3519 foro
981 3457 1058 3518 lecta
1075 3454 1185 3529 fuerit,

138 3551 283 3612 Nostrum
293 3572 357 3612 non
369 3550 484 3633 injuria
496 3568 657 3636 tamquam
668 3556 844 3637 primumse
850 3555 1019 3637 jactitasse,
1031 3553 1086 3635 qui
1094 3552 1185 3632 elegis

138 3649 175 3710 ad
197 3649 379 3710 Graecorum
401 3652 575 3734 exemplum
597 3653 765 3713 scribendis
779 3673 908 3735 operam
927 3649 1049 3711 dederit
1060 3649 1135 3727 (lll,
1153 3669 1187 3722 r,

139 3742 253 3822 3-4),
273 3760 369 3827 poete
390 3745 509 3806 famam
532 3749 728 3829 cumprimis
751 3746 916 3819 affectans,
941 3744 1024 3828 quod
1045 3742 1186 3804 Tibullus

140 3859 201 3900 non
216 3837 322 3901 fecisse
333 3840 453 3902 videtur
473 3842 528 3920 (cf.
548 3845 649 3924 Heyn.
669 3841 793 3902 Praefat.
818 3843 856 3903 ad
877 3840 1019 3919 ribulus
1038 3841 1087 3919 4);
1103 3837 1187 3900 unde

140 3933 264 3997 fortasse
292 3938 386 3996 etiam
412 3959 512 4019 neque
539 3939 688 4019 Augusti,
718 3959 820 4019 neque
846 3937 1023 4000 Maecenetis
1048 3934 1187 3995 favorem

141 4035 283 4114 captavit.
298 4035 364 4109 Sic,
390 4049 425 4094 ut
446 4035 507 4096 hoc
527 4035 661 4111 addam,
685 4036 739 4098 diu
762 4051 834 4097 ante
854 4037 1001 4118 AEsopum
1023 4032 1129 4094 fabulo
1148 4029 1188 4090 ab
