2648 4792
477 570 724 667 ELEGlA
753 573 789 664 l.

482 802 544 874 Al)
566 810 786 875 TULLUM.

523 1238 744 1287 incurrentem.

150 1360 289 1421 Amicam
300 1356 470 1442 Cynthium
482 1358 659 1440 Propertius
673 1358 820 1435 desernit,
836 1372 867 1420 et
882 1380 937 1442 per
950 1374 1070 1421 annum
1081 1360 1160 1419 vixit

110 1457 198 1520 biset
211 1458 272 1519 illis
285 1458 416 1519 deditus.
430 1456 533 1532 Miser,
548 1478 605 1517 nec
619 1457 677 1517 nisi
693 1456 808 1518 frustra
821 1456 920 1519 factus
936 1457 1067 1533 infidus,
1083 1468 1158 1518 con·

109 1549 259 1619 ditionem
280 1578 368 1618 suam
390 1557 493 1638 luget,
512 1555 661 1638 reddique
681 1557 738 1616 sibi
762 1556 931 1640 Cynthium
955 1570 1088 1640 exoptat.
1116 1550 1159 1617 Ut

38 1710 44 1721 ,
108 1654 188 1715 irata
200 1654 353 1730 flectatur,
367 1675 453 1735 sagas
467 1654 599 1714 advocat
609 1666 640 1713 et
653 1655 789 1736 magicas
801 1668 879 1715 artes
891 1676 899 1715 c
913 1669 948 1715 ut
959 1655 1048 1715 malis
1059 1675 1158 1715 reme·

107 1750 196 1812 dium
221 1752 277 1826 sit,
301 1764 448 1812 extremas
471 1750 510 1810 ad
535 1771 633 1832 usquc
654 1764 767 1828 terras,
795 1773 857 1835 qus
882 1751 1008 1812 feminis
1030 1750 1159 1812 demum

107 1849 233 1930 ignotus
243 1848 354 1924 lateat,
367 1861 492 1931 raptum
506 1868 537 1908 se
549 1847 622 1908 ferri
634 1861 787 1930 precatur.
797 1848 968 1911 Durissima
981 1870 1073 1931 poena
1087 1848 1160 1908 levi·

105 1947 177 2006 tatis
199 1946 255 2007 sibi
277 1946 401 2029 culpam
423 1945 537 2028 expiari
558 1968 565 2004 ε
587 1960 675 2007 caute
692 1969 754 2009 esse
775 1950 808 2008 in
835 1967 938 2008 amore
956 1946 1157 2022 servandam,

105 2045 347 2126 quamprimum
362 2043 493 2126 quisque
504 2041 598 2103 fidem
612 2044 802 2125 obligaverit.

575 2261 686 2278 0-—

155 2348 318 2467 Critonia
329 2403 440 2493 prima
455 2403 525 2468 suis
537 2404 699 2468 miserum
711 2427 765 2471 me
779 2406 868 2497 cepit
881 2402 1011 2481 ocellis,

198 2514 398 2580 Contactum
410 2510 512 2581 nullis
524 2528 603 2581 ante
615 2514 842 2608 cupidinibus.

144 2716 609 2786 r.Cyntlria,veronotninellostia‚
653 2719 706 2791 log.
726 2740 785 2793 pag.
810 2740 836 2774 ιι
861 2720 938 2791 (edit.
956 2718 1059 2789 Prictei)
1078 2719 1155 2787 Apu·

106 2812 187 2866 quam
197 2814 246 2866 per
258 2815 343 2849 annos
352 2799 469 2870 quinque
486 2797 570 2850 lcvcrn
584 2812 610 2851 ct
654 2797 742 2854 leius:
765 2824 777 2848 ι
795 2801 895 2852 Eadem
919 2816 1002 2871 opera
1028 2796 1157 2848 adcurent

103 2871 215 2927 infidam
225 2878 376 2948 Propertius
389 2880 484 2930 amavit
496 2877 554 2947 (ΙΙΙ,
566 2878 609 2946 25,
652 2880 682 2931 C.
705 2879 854 2946 Catullum,
874 2878 946 2951 quod
966 2876 1088 2930 Lesbiam
1106 2892 1156 2946 pro

105 2952 157 3025 3),
169 2973 247 3007 avum
259 2955 321 3026 (lib.
333 2959 383 3025 111,
396 2975 444 3024 ao,
460 2958 492 3023 θ,
509 2978 609 3011 memo-
652 2957 746 3011 clodia
763 2959 921 3020 nominarit;
940 2968 966 3007 et
983 2952 1103 3005 Ticidam
1121 2952 1158 3003 si·

104 3035 209 3106 ratum)
227 3034 320 3088 babuit
338 3040 477 3105 llostium,
494 3040 540 3110 qui
554 3037 607 3090 Jul.
654 3036 766 3105 militer,
782 3036 871 3110 quod,
888 3053 945 3107 quae
958 3031 1064 3086 Metella
1084 3042 1157 3095 crat,

105 3116 214 3169 Cetaria
231 3130 307 3171 aetate
318 3117 417 3171 bellum
430 3122 550 3172 lsrrimm
566 3139 610 3173 cc·
653 3116 774 3169 Perillam
785 3116 933 3186 scripserit3
945 3125 970 3165 et
977 3111 1156 3182 Propertium,

104 3197 169 3247 cinit
185 3195 279 3267 (cujus
302 3202 391 3271 operis
414 3214 515 3253 exarant
535 3197 608 3270 apud
654 3196 700 3265 qui
714 3194 854 3266 Cynthium
870 3192 956 3256 dicat,
972 3191 1091 3242 Hostiam
1104 3185 1157 3239 dis·

103 3273 228 3341 Festum,
243 3274 377 3343 Servium,
395 3291 421 3330 et
441 3277 608 3331 Macrobium
654 3274 816 3336 simule13et
833 3272 985 3337 Tibullum,
1002 3271 1063 3341 quia
1081 3271 1105 3319 ei
1122 3270 1156 3320 sit

102 3351 277 3423 fragmenta).
298 3358 388 3407 llornm
401 3356 497 3409 (lomus
510 3360 569 3427 ejus
580 3358 608 3408 in
653 3354 744 3406 Plania
755 3355 782 3404 in
796 3354 901 3417 animo,
918 3351 993 3404 Delia
1004 3352 1032 3400 in
1044 3365 1131 3399 versu.
1142 3370 1154 3394 ι

103 3429 208 3483 Subura
223 3433 289 3498 luit,
309 3434 357 3500 tv,
372 3451 401 3504 7,
423 3434 468 3497 15;
482 3448 566 3506 nupta
579 3452 608 3486 se
652 3434 759 3487 Scilicet
783 3445 809 3484 ct
828 3443 883 3483 erat
907 3428 974 3481 illud
995 3446 1045 3501 pro
1066 3424 1156 3496 regula

103 3506 186 3562 dabat
201 3509 246 3563 illa
262 3512 401 3583 Propertio
422 3515 533 3585 (notata
550 3513 608 3565 vide
652 3514 786 3584 positum,
798 3509 911 3583 quodex
923 3508 1028 3581 Apuleii
1038 3506 1157 3576 locopo-

105 3583 140 3637 atl
157 3588 196 3655 ll,
216 3586 249 3655 6,
271 3589 341 3661 26);
360 3606 422 3645 ante
441 3593 607 3663 Propertium
653 3605 705 3659 tet,
723 3605 753 3643 ut
771 3588 885 3663 syllabas
908 3601 933 3640 ct
957 3601 1081 3639 numeros
1101 3584 1156 3636 reri

104 3667 237 3733 moritur,
255 3670 308 3732 lV,
326 3684 341 3740 7
357 3692 365 3733 3
383 3672 412 3722 in
433 3688 497 3741 agro
511 3666 608 3721 'libun-
652 3672 769 3723 nominis
787 3668 895 3721 insulso
913 3664 1060 3719 consimilia
1079 3682 1156 3734 repe·

105 3744 164 3796 tino
187 3743 222 3796 ad
247 3749 354 3802 Anienis
382 3748 482 3801 undam
516 3747 607 3819 sepul·
652 3747 1157 3819 terent.-Mecepit‚rictumcaptum-

104 3835 148 3891 ta,
168 3822 233 3876 ibid.
248 3844 287 3878 vs.
304 3826 339 3880 85
356 3846 395 3900 sq.
416 3828 495 3880 Fictis
518 3841 608 3878 autem
654 3847 706 3900 que
717 3848 759 3881 me
771 3830 834 3881 fecit
848 3845 934 3880 suum.
948 3827 1045 3898 Caper-c
1058 3835 1083 3874 ct
1094 3839 1156 3873 mox

102 3900 184 3974 liujus
201 3904 275 3958 nolli
288 3906 442 3960 nominibus
457 3906 608 3959 dissimula·
653 3907 767 3973 ocellus,
786 3905 868 3959 rerba
888 3901 1060 3975 scriptoribus
1082 3918 1156 3952 arno·

100 3994 142 4033 tas
154 4000 227 4049 erse,
242 4003 309 4057 quas
325 4000 424 4038 amatas
441 3985 491 4040 ribi
505 3985 607 4058 puellas
652 3988 922 4059 rumireqnenfim-
933 3985 1154 4045 memnonem·

100 4062 214 4116 liumani
222 4064 406 4132 celebrarent,
416 4064 494 4119 docet
505 4070 531 4119 in
540 4068 610 4138 Apo·
652 4066 744 4119 Scribe
759 4084 820 4118 curn
837 4062 1009 4119 Lachmanno
1024 4059 1155 4132 cupidini·
