2648 4792
363 371 626 440 PROPERTH
651 376 740 440 ΗΒ.
767 377 794 440 Ι.

111 509 307 598 Naturaeque
317 501 420 572 decus
431 520 581 571 mercato
591 503 734 598 perdere
743 502 854 587 cultu,

149 619 218 682 Neo
229 617 340 682 sinere
351 617 386 681 in
398 614 543 708 propriis
554 612 706 681 membre
716 615 824 683 nitere
835 613 955 682 bonis?

106 723 209 794 Crede
219 725 321 809 mihi,
333 743 403 793 non
415 725 483 794 ulla
496 742 564 793 tuae
576 741 627 794 est
637 724 803 794 medicina
815 726 951 818 figurae:

148 835 267 904 Nudus
279 843 381 904 Amor
391 836 510 904 formae
520 861 589 905 uon
601 852 692 905 amat
702 837 875 905 artificem.

103 941 260 1037 Adspice,
273 968 359 1041 quos
371 944 537 1014 submittit
548 946 673 1015 humus
685 947 832 1016 formosa
843 947 994 1027 colores;

92 1147 116 1201 5.
129 1149 239 1201 Perdere
247 1169 256 1197 .·
265 1148 429 1203 Burmannus
437 1151 556 1223 prodere,
600 1151 641 1204 rel
653 1152 775 1203 inornate
789 1149 912 1222 capiebat
921 1151 1106 1223 Propertium,

60 1225 146 1298 quod,
170 1239 200 1279 nt
223 1226 343 1296 ridetur,
367 1231 422 1282 sine
445 1228 556 1282 consilio
600 1233 686 1283 forma
701 1230 775 1284 cultu
791 1230 912 1283 facienda
925 1249 981 1282 nou
993 1229 1106 1300 egebat,

58 1308 192 1378 reposuit,
220 1324 301 1378 quum
328 1327 378 1379 pro
404 1313 557 1381 conjecturs
601 1311 648 1364 sed
666 1324 723 1365 erat
731 1311 830 1382 formo
848 1327 899 1363 suae
918 1310 1032 1380 artifex,
1048 1321 1105 1360 arte

57 1384 117 1439 dare
139 1384 222 1437 modo
243 1384 320 1438 vellet
340 1390 409 1439 inter
426 1388 557 1442 adnotan-
601 1410 711 1458 curaus,
727 1389 885 1455 emendans,
905 1388 1033 1458 edjurans
1048 1388 1105 1438 for-

56 1462 127 1516 dum.
138 1464 269 1516 Ceterum
281 1467 308 1517 in
321 1468 412 1538 primis
423 1486 468 1520 sex
477 1467 557 1539 hujus
600 1488 680 1522 mom.
700 1472 767 1522 Nem
785 1471 823 1521 rei
844 1469 958 1540 alicujus
978 1465 1106 1539 artificem

56 1542 143 1614 elegio
169 1544 289 1596 versibus
315 1547 397 1598 sexies
418 1549 556 1618 repetitam
601 1568 670 1620 eope
688 1548 795 1614 dicunt,
817 1568 871 1600 non
888 1550 933 1620 qui
950 1565 1005 1599 rem
1024 1546 1106 1613 tacit,

54 1621 164 1677 :blaivi
192 1624 302 1676 for-marn
334 1625 475 1680 observare
507 1642 555 1681 est.
600 1631 646 1683 sed
662 1633 707 1702 qui
724 1644 806 1681 artem
822 1628 933 1682 edhibet
944 1629 996 1692 sei,
1011 1641 1038 1678 et
1048 1639 1105 1678 orte

54 1702 119 1754 (itum
129 1715 189 1754 toto
201 1700 261 1754 loco
272 1702 408 1756 Tibullum
418 1709 520 1772 confer,
531 1710 556 1775 l,
600 1710 716 1781 adjuvat.
730 1709 797 1761 Vide
807 1711 845 1775 ll,
861 1727 887 1773 r,
901 1707 933 1762 58
943 1728 951 1768 ;
963 1706 1041 1759 ovid.
1052 1709 1107 1758 Me·

54 1782 84 1848 8,
96 1799 128 1852 9:
141 1783 234 1849 uQuid
247 1783 294 1835 tibi
305 1803 376 1837 nunc
389 1785 482 1838 molles
494 1806 556 1857 pro·
600 1802 662 1840 tam.
677 1787 831 1853 x111,551,
851 1810 862 1832 ι
874 1785 955 1836 Vadit
972 1782 1006 1834 ed
1020 1778 1107 1854 artifi-

54 1861 112 1914 dut
133 1861 250 1915 ooluitse
275 1863 404 1934 capillos,
428 1867 485 1937 Srep
522 1887 556 1920 ue
600 1865 728 1920 oemdirve
737 1865 916 1938 Polymestore
924 1863 1035 1925 credin·
1048 1862 1105 1913 Art·

55 1954 169 1994 mutata
184 1941 348 2012 disposuisse
360 1948 469 1997 eomas?
529 1946 556 1998 id
600 1949 686 1998 Amet.
707 1949 733 2009 1,
752 1945 822 2010 656,
842 1943 889 1994 ubi
912 1960 989 1996 sensu
1011 1938 1106 1993 eodem

55 2019 117 2071 luco
138 2019 296 2091 splendente
318 2041 400 2092 genes
423 2029 556 2078 ornasse?
600 2027 669 2078 neeis
679 2023 800 2097 artifices.
1190 2064 1193 2071 -

41 2098 118 2169 quid
130 2116 233 2168 ungues
246 2099 360 2152 Artificis
371 2100 451 2154 docte
464 2103 556 2157 subse-
634 2122 660 2173 9.
674 2104 798 2175 Adspice,
812 2116 864 2154 etc.
880 2098 1019 2171 Quidquid
1032 2099 1106 2150 urie

54 2178 137 2230 tuisse
151 2179 252 2230 manu?
267 2181 373 2232 Frustra
388 2183 555 2252 jamvestes,
599 2186 726 2254 scriptum
747 2181 800 2232 hoo
818 2179 952 2232 distichon
975 2178 1107 2230 editiones

55 2256 152 2309 frustra
170 2270 307 2310 mutantur
322 2261 451 2325 amictus,
468 2264 556 2315 Anse-
599 2261 759 2326 exhibeant,
776 2280 811 2312 ne
826 2258 938 2324 dubita,
961 2259 1026 2330 quin
1043 2274 1107 2307 oum

56 2338 453 2409 queoompreososoolligitarta
463 2340 554 2412 pedes.
599 2341 708 2392 sinceris
722 2337 865 2391 codicibus
882 2338 910 2387 in
925 2335 1013 2408 primo
1029 2350 1108 2385 versu

55 2417 112 2488 lpu
120 2416 225 2488 placet,
237 2421 356 2490 quemvis
365 2421 466 2473 inculto
475 2441 556 2475 vene-
599 2441 664 2495 quos
684 2420 781 2473 colores
804 2416 939 2489 (quales,
962 2431 1042 2486 quoru
1064 2430 1108 2465 re·

56 2496 217 2573 litore,Nec
226 2497 339 2550 nitidum
349 2498 424 2552 tetdo
434 2503 557 2554 comterit
600 2500 765 2570 nustos),in
782 2497 865 2549 altero
884 2496 918 2547 Ut
933 2494 1042 2546 veniant
1057 2509 1107 2563 pro

56 2588 109 2627 ute
123 2590 236 2646 eaput.»
600 2581 637 2631 Et
648 2599 680 2633 ex
697 2578 885 2632 emendatione
903 2573 1048 2646 legendum
1063 2574 1107 2624 sit.

90 2672 115 2725 7.
126 2657 191 2708 Non
204 2655 262 2708 ulla
276 2667 327 2709 tuoe
342 2669 393 2723 est,
409 2672 460 2711 eto.
475 2659 557 2712 Brou·
601 2662 832 2713 Submittitautem
840 2657 1006 2710 etsulnnittat
1014 2652 1109 2723 scripti

56 2728 181 2795 thonos,
194 2748 226 2786 ut
238 2733 374 2806 eleguntie
387 2738 557 2808 consuleret,
601 2739 661 2791 libri
675 2751 797 2805 tuentur,
811 2755 926 2808 quorum
943 2734 1041 2786 certior
1059 2749 1108 2783 eu·

56 2828 115 2864 mr
134 2831 224 2885 eoque
240 2815 378 2881 Boethius,
399 2817 506 2870 verbum
529 2820 557 2872 in
601 2821 710 2871 ctorites
734 2831 790 2879 est;
811 2814 877 2868 illud
901 2813 1108 2882 Groningenus,

57 2904 172 2945 ntremo
194 2912 273 2947 versu
293 2898 403 2966 posuit,
423 2916 478 2950 non
499 2898 557 2951 ulla
601 2897 796 2970 Neapolitanus
816 2894 879 2947 hoo·
898 2895 1018 2963 Utraque
1036 2890 1108 2941 bone

56 2980 105 3023 ue
117 2974 248 3026 medicina
259 2973 356 3047 fiqttroe
372 2979 557 3031 est—Medi·
601 2978 688 3028 forme
710 2990 764 3036 eot;
787 2972 960 3025 nihilominus
980 2967 1109 3022 mominis
1190 3007 1195 3016 .

56 3051 129 3118 eiu,
143 3055 208 3105 ortis
217 3052 412 3126 adjumentum,
426 3059 499 3130 quod
510 3058 557 3110 tibi
600 3054 712 3107 tundere
736 3052 841 3105 ridetur
864 3069 927 3103 usus
952 3047 1107 3116 Propertii,

56 3135 210 3199 conveniet,
225 3132 328 3186 nullum
347 3149 396 3187 est.
408 3165 445 3176 -
457 3137 558 3189 Fomoe
603 3137 647 3207 qui
660 3133 839 3204 (Lachmanni
850 3128 938 3182 verbis
951 3127 1030 3197 utor)
1041 3122 1110 3175 «ubl

55 3209 189 3283 amssoem.
200 3213 396 3265 Correotionem
407 3214 508 3268 Heinsii
519 3217 559 3267 vi·
602 3215 692 3284 plores
702 3212 861 3264 indicoriros
871 3205 1108 3277 nutooojuootiros

55 3291 89 3341 tir
107 3291 195 3345 doctis
209 3293 366 3364 probatem,
386 3314 467 3366 quarn
486 3310 512 3350 ot
530 3298 557 3349 in
603 3312 704 3367 ponere
737 3304 862 3365 poteret,
889 3289 988 3341 mim
1017 3284 1109 3358 P⁰¹l¹¹⁸

55 3367 173 3423 editione
185 3389 231 3424 sue
246 3374 364 3426 Kuinoel
374 3377 490 3447 recepit,
498 3377 558 3448 sor·
603 3386 735 3425 structura
767 3371 916 3422 orationem
946 3366 1109 3432 distinguere

55 3465 125 3500 mn
136 3449 279 3522 amfleot»,
292 3451 380 3505 rtaecr
392 3453 492 3506 veteru
505 3455 558 3508 hoc
604 3466 707 3506 amas..
722 3453 766 3506 sie
780 3454 817 3515 ιι,
837 3449 881 3513 16,
898 3465 953 3518 29:
972 3444 1110 3514 mesple·

56 3525 129 3595 loco,
142 3530 192 3595 Vl,
202 3530 271 3596 465,
281 3531 389 3584 defendi
400 3552 455 3585 non
466 3553 558 3606 posse,
603 3532 669 3605 quid
683 3532 760 3583 donis
773 3529 900 3602 Eriphyla
919 3525 1019 3579 invenit
1039 3540 1110 3574 ame·

55 3603 240 3661 hohmeuuus
257 3611 386 3676 ostendit,
408 3636 419 3658 a
429 3613 482 3679 De,
497 3632 559 3685 pre·
602 3614 655 3677 ris,
665 3603 1110 3681 Arseritetquantisnupttcteuu

55 3703 117 3752 eor,
135 3686 245 3759 anfion}
261 3688 361 3742 blande
377 3690 559 3763 adspiramina
602 3691 711 3742 malie·
730 3691 767 3754 11,
782 3688 832 3755 34,
846 3686 881 3738 33
894 3703 952 3756 sqq·
970 3685 997 3734 5⁰
1012 3680 1109 3752 (ΡΜ

51 3762 159 3833 formoe,
171 3769 423 3841 Omntusquetuos,
433 3786 485 3823 eto.
494 3797 506 3819 ι
518 3772 559 3824 lbi
594 3772 708 3847 floreos
718 3782 762 3835 ut,
776 3781 856 3840 atque
871 3778 900 3817 ut
913 3773 982 3816 errat
996 3774 1022 3815 et
1038 3760 1110 3813 deoi-

55 3845 560 3923 euim,iuquit‚lunoformomortifi-
601 3852 659 3922 pit,
676 3850 762 3922 qualis
783 3859 810 3902 et
823 3845 915 3920 fuerit.
937 3846 984 3908 Ν,
1004 3839 1038 3908 ⁶2
1056 3840 1109 3908 lt,

56 3937 125 3988 m,
138 3923 193 3977 hoo
202 3938 257 3988 eet,
269 3940 327 3979 orte
340 3929 437 3980 fertem
449 3932 559 4000 querit,
602 3930 674 4003 quod
688 3930 812 4002 remiqet,
832 3940 858 3978 ot
873 3944 911 3978 rs.
933 3923 968 3994 49
985 3922 1110 3994 quodum?

57 4004 310 4077 mmeibiper
321 4005 412 4059 nobile
425 4006 491 4059 illud
501 4010 559 4060 ciu-
602 4009 709 4062 uehunt.
734 4007 935 4060 Lnohmannurn
955 4000 1035 4066 ride,
1062 4000 1108 4070 qul

56 4080 146 4148 ΝΜ
157 4083 277 4139 Venerit·
286 4084 399 4158 Cynthia
413 4105 491 4155 vero,
501 4106 559 4160 qut
601 4088 695 4160 pluro,
708 4089 731 4141 si
742 4087 832 4159 oupis,
843 4082 921 4137 debit
935 4078 1108 4151 exempla.-
