2648 4792
395 351 485 416 PER
508 349 664 416 ANNOS
687 351 897 417 DlGESTA.
1124 351 1166 417 25

134 466 208 562 sqq,
218 496 318 559 quum
329 487 433 536 tamen
442 474 488 535 ibi
498 473 538 535 de
548 473 611 535 alia
621 473 713 556 longe
725 475 919 558 expeditione
927 475 962 535 in
974 473 1106 537 Partbos
1114 495 1169 558 per

134 578 237 636 Gaium
247 593 347 636 sermo
359 573 416 634 sit:
429 570 500 633 ride
512 574 646 633 Messon.
659 573 722 633 Vit.
732 572 825 633 Orici.
835 572 981 634 Chronol.

445 738 477 788 A.
488 737 522 788 U.
535 735 565 788 C.
579 736 627 806 731
639 756 647 797 ;
659 736 788 808 Propertii
801 735 844 790 ³0.

285 816 373 871 Cesar
383 816 517 887 Augustus
528 816 581 878 Χῖ,
592 815 624 869 A.
634 816 775 871 Terentius
784 817 870 868 Varro
880 814 1006 868 Murena.

168 953 210 1012 Μ.
228 949 369 1012 Marcelli
383 969 486 1027 mors,
501 949 535 1010 in
549 949 806 1033 quampraeclara
820 961 915 1011 exstet
931 947 1028 1030 elegio
1043 949 1172 1031 Proper·

137 1050 167 1110 tii
178 1052 237 1126 111,
253 1051 300 1112 18.

170 1148 325 1229 Augustus
339 1157 486 1229 preterea
500 1145 558 1206 sub
572 1145 668 1207 linem
683 1145 760 1206 unni
774 1147 912 1227 captiuos
925 1158 955 1206 et
967 1144 1054 1226 signa
1066 1164 1085 1202 o
1098 1143 1174 1203 Par·

136 1244 189 1306 this
204 1247 334 1329 repetit3
352 1244 438 1327 quod
453 1244 644 1327 postulatum
657 1244 682 1304 si
695 1259 842 1325 negatum
861 1242 986 1318 fuisset,
1002 1241 1121 1304 bellum
1138 1243 1172 1302 in
1236 1320 1239 1324 Δ

134 1341 259 1406 Parthos
277 1356 451 1426 susceptum
472 1343 511 1403 iri
530 1344 662 1426 suspicio
685 1355 749 1404 erat
770 1345 896 1416 Roman
919 1341 997 1423 quin
1017 1342 1112 1402 etiam
1135 1340 1174 1400 de

134 1442 214 1504 lodis
228 1441 423 1524 subjiciendis
435 1441 530 1503 'varia
545 1444 652 1503 liomte
668 1441 782 1523 agitatu
799 1439 894 1501 fuisse
912 1437 1074 1522 probabile
1089 1436 1174 1497 vide·

135 1553 197 1600 tur:
210 1541 250 1602 cf.
265 1537 374 1616 111‚t,
387 1540 498 1601 etvide
510 1541 611 1624 Heyo.
623 1540 686 1601 vit
701 1537 810 1621 Virgil.
821 1536 853 1600 b.
866 1560 894 1599 a.
907 1551 937 1600 et
952 1540 990 1599 U.
1002 1539 1036 1599 C.
1049 1533 1108 1619 734
1119 1533 1175 1595 lin.

134 1637 260 1697 Videtur
274 1637 423 1698 nimirum
441 1636 473 1698 id
493 1637 610 1718 negotii
626 1636 734 1697 dotum
754 1635 847 1698 fuisse
866 1635 942 1697 AElio
956 1632 1065 1708 Gallo,
1079 1631 1174 1716 paulo

135 1748 201 1795 ante
223 1747 482 1809 commemorato,
504 1747 539 1794 ut
562 1734 638 1795 adeo
660 1734 767 1817 elegite
790 1734 1016 1817 Propertiuuae,
1040 1729 1177 1791 Parthici

135 1831 321 1892 mentionem
334 1830 409 1891 belli
420 1830 583 1906 facientes,
600 1829 641 1890 ad
658 1829 743 1892 bunc
762 1851 881 1891 annum
899 1843 930 1890 et
948 1827 1176 1890 antecedentem

135 1926 291 1988 Arabicam
314 1925 542 2010 expeditionem
561 1927 653 1988 simul
671 1926 838 1989 referendae
860 1926 1034 1988 videantur.
1051 1927 1175 1985 Frustra

134 2027 213 2085 eninr
233 2026 394 2102 Heinsius,
408 2026 447 2086 ad
467 2046 590 2087 carmen
604 2026 677 2086 libri
697 2027 798 2107 quarti
810 2025 953 2101 tertium,
966 2024 1004 2084 de
1024 2025 1060 2084 C.
1074 2023 1177 2083 Cassio

136 2123 297 2204 Longino,
315 2122 414 2184 Crassi
429 2124 463 2182 in
478 2123 565 2206 Syria
582 2135 755 2204 quaestore,
771 2121 911 2205 adeoque
927 2123 961 2181 A.
977 2122 1016 2181 U.
1035 2140 1111 2200 712,
1124 2137 1178 2178 co·

135 2218 208 2298 gitat
227 2219 281 2297 (in
295 2219 415 2279 Advers.
430 2219 462 2292 l,
478 2240 510 2294 a,
525 2239 595 2302 pag.
613 2221 674 2299 tal
1121 2285 1124 2292 ,

172 2317 259 2394 Quin
277 2312 327 2375 bic
340 2318 406 2398 ipse
419 2337 520 2378 annus
539 2315 617 2383 mibi
630 2315 753 2377 videtur
774 2315 843 2393 ille,
857 2335 922 2395 quo
940 2312 1121 2394 Propertius
1141 2310 1177 2369 lr-

135 2414 225 2475 brum
246 2415 415 2476 secundum
434 2427 465 2476 et
484 2416 611 2476 tertium
633 2414 801 2496 elegiarum
823 2430 949 2474 suarum
968 2408 1085 2494 publici
1101 2408 1179 2492 juris

136 2512 219 2607 lecit,
234 2527 270 2575 ut
282 2514 360 2575 adeo
374 2513 408 2575 bi
423 2527 482 2575 tres
497 2514 666 2597 elegiarum
684 2513 757 2575 libri
771 2511 966 2595 intelligendi
982 2511 1062 2585 sint,
1080 2528 1178 2591 quum

136 2612 339 2692 poetall,13,
354 2612 410 2687 25,
425 2612 526 2672 canit:

317 2754 358 2800 Sat
366 2769 418 2800 eu
426 2767 460 2802 tut
468 2770 554 2816 magns
561 2766 596 2802 est
604 2756 733 2801 sitressint
741 2769 826 2817 pompa
836 2751 920 2806 libelli,

351 2827 416 2887 Quos
423 2841 468 2888 ego
477 2826 632 2890 Persephone
639 2828 737 2873 maxima
746 2826 808 2872 dona
816 2825 899 2872 lerum.

136 2945 239 3026 Neque
252 2948 336 3007 enim
352 2947 453 3031 plures
467 2947 597 3011 tortasse
608 2948 706 3011 libros
717 2950 806 3011 edere
819 2951 1029 3026 constituerat,
1044 2960 1076 3010 et
1089 2968 1181 3029 quar·

135 3053 182 3101 tus
202 3040 317 3103 deinde
332 3057 403 3126 post
422 3043 485 3126 ejus
500 3059 629 3106 mortem
647 3045 687 3106 ab
705 3046 804 3107 amico
824 3045 962 3127 quodam
980 3045 1107 3126 reliquis
1126 3042 1181 3103 ad-

133 3136 228 3219 jectus
249 3141 318 3202 fuit.
337 3143 477 3221 Accedit,
499 3143 585 3225 quod
609 3146 748 3227 quinque
768 3145 922 3205 servitutis
943 3144 1019 3204 anni
1039 3141 1182 3224 Cynthio

136 3238 279 3317 praestitae
299 3239 378 3319 (lll,
400 3239 453 3318 25,
472 3241 506 3321 3)
517 3239 584 3323 jam
598 3244 633 3303 A.
652 3243 689 3302 U.
712 3244 770 3325 728
786 3243 881 3304 finem
894 3261 987 3303 sunm
1001 3239 1183 3322 consequuti

136 3333 268 3396 fuerant.
282 3334 410 3413 Quodsi
423 3339 492 3419 quis
507 3361 542 3400 er
563 3361 613 3401 me
628 3353 763 3424 quoerat,
785 3361 841 3401 cur
852 3361 887 3401 ea
909 3341 975 3422 ipsa
988 3338 1085 3419 elegia
1103 3335 1183 3396 libro

136 3431 267 3492 secundo
281 3432 418 3514 legatur,
440 3457 541 3518 neque
555 3437 682 3498 demum
698 3439 812 3512 tertio,
829 3435 928 3498 facilis
946 3447 990 3497 est
1007 3433 1183 3517 responsio:

137 3531 284 3611 quoniam
294 3531 445 3594 nimirum
458 3555 558 3617 neque
570 3535 764 3618 Propertius,
775 3556 876 3617 neque
887 3535 1034 3595 Horatius
1045 3531 1185 3594 carmina

137 3646 188 3685 sua
211 3624 321 3687 ordine
342 3626 562 3711 chronologico
582 3632 750 3713 composita
768 3630 948 3705 ediderunt,
968 3626 1022 3690 sed
1040 3626 1092 3687 ille
1109 3644 1184 3707 pro·

138 3724 252 3785 miscue
269 3723 402 3807 conjecit
420 3727 454 3786 in
472 3726 543 3788 illos
562 3727 639 3789 duos
665 3727 762 3789 libros
785 3727 934 3812 quidquid
956 3726 1123 3809 elegiarum
1146 3723 1186 3784 ad
1294 3720 1297 3725 ’

139 3845 267 3886 manum
285 3839 365 3902 erat,
385 3828 473 3888 sicuti
487 3830 633 3890 Horatius
648 3829 723 3890 odas
741 3828 815 3889 libri
829 3828 885 3890 let
903 3830 948 3902 ll,
966 3847 1033 3888 uno
1046 3839 1186 3908 tempore

139 3921 330 4005 conjunctim
342 3925 434 4002 editi,
450 3929 626 4010 promiscue
642 3928 817 4002 ordinavit,
834 3929 880 3987 uti
892 3925 958 4009 jam
976 3938 1088 3986 contra
1107 3925 1185 3984 Ren-

139 4019 242 4083 tleium
257 4025 438 4086 monuimus
455 4027 488 4087 in
505 4029 571 4088 Deo
588 4023 787 4109 Vorlesunqen
804 4029 876 4086 iiber
887 4027 982 4105 einiqe
997 4021 1121 4105 Eleqien
1137 4021 1186 4080 des
