2648 4792
401 375 904 444 rnnannosorces'rt.
985 436 991 445 ,
1134 400 1173 466 η
1287 390 1290 394 “

439 558 486 611 ΔΔ.
500 516 531 609 ij.
546 559 575 609 C.
589 557 656 627 7383
668 557 798 628 Propertii
810 557 853 626 37.

408 640 436 690 Ι..
450 638 598 698 Domitium
612 640 639 690 P.
655 636 791 689 Cornelius
804 636 901 709 Scipio.

173 820 232 879 Hic
252 818 287 876 P.
309 817 469 880 Cornelius
488 819 588 901 Scipio
611 819 718 880 consul
738 832 784 879 est
803 816 856 878 ille
875 819 939 900 ipse
959 815 1052 877 frater
1071 815 1178 877 Come-
1238 899 1240 903 .

140 915 180 976 iioe
199 914 305 993 illius,
332 913 419 997 cnjus
451 930 581 978 mortem
610 917 783 1001 Propertius
807 927 943 977 extremo
967 913 1047 975 libro
1067 927 1177 994 quarto

137 1016 249 1094 (carm.
261 1014 309 1094 11)
318 1027 384 1075 tarn
391 1015 526 1097 graviter
539 1014 676 1092 deflevit,
690 1014 813 1078 consule
821 1033 886 1097 quo
896 1012 979 1074 facto
990 1010 1043 1072 illa
1055 1024 1177 1073 mortun

137 1124 193 1190 ert,
207 1113 378 1174 secundnm
393 1135 436 1175 rr.
448 1114 506 1190 66,
524 1129 559 1175 ut
576 1115 654 1176 adeo
675 1127 796 1197 tempus
813 1112 989 1195 scriptionis
1006 1107 1098 1192 hujus
1113 1131 1178 1172 car·

137 1210 226 1271 minis
238 1209 379 1291 lugubria
392 1211 426 1271 in
437 1208 522 1274 hunc
534 1214 636 1295 ipsum
651 1234 772 1275 annum
782 1212 917 1276 incidere
927 1210 1077 1272 rideatur.
1087 1211 1178 1271 Pater

136 1305 197 1389 ejus
218 1307 321 1388 Scipio
347 1306 410 1368 fuit
433 1309 607 1370 consularis
632 1309 705 1385 ille,
733 1310 783 1370 cni
806 1308 1022 1382 Scriboniam,
1048 1319 1179 1371 matrem

136 1403 301 1481 Corneliae,
313 1404 443 1467 abduxit
455 1406 659 1482 Octavianus,
677 1405 848 1468 secundnm
859 1405 985 1483 Sueton.
997 1404 1106 1466 Octav.
1119 1402 1179 1477 62,

135 1521 166 1561 ex
175 1522 274 1584 eaque
284 1501 399 1563 Juliam
411 1505 542 1586 suscepit
551 1501 668 1581 filiam3
678 1524 750 1564 mor
763 1515 883 1580 tamen,
892 1523 966 1563 cum
977 1501 1085 1564 eadem
1095 1499 1180 1561 facto

136 1597 284 1676 divortio,
295 1601 399 1661 statim
414 1602 535 1661 Liviam
547 1600 732 1675 Drusillam,
747 1600 950 1662 matrimonio
966 1597 1068 1660 Tiber.
1085 1597 1180 1658 Nero·

135 1700 194 1774 nis,
209 1712 255 1775 et,
267 1699 390 1780 quidem
399 1698 579 1783 gravidam,
595 1699 716 1784 eripuit
728 1702 857 1762 Factum
866 1697 924 1760 hoc
938 1711 997 1776 est,
1008 1696 1180 1759 secundum

135 1798 283 1873 Dionem,
297 1799 331 1858 t.
350 1799 387 1858 U.
406 1800 440 1860 C.
454 1799 529 1881 716,
547 1784 645 1860 oe't'atis
669 1801 796 1882 Augusti
815 1801 862 1862 25.
884 1802 974 1861 Hanc
993 1798 1034 1859 oh
1055 1816 1179 1859 cenum

135 1895 279 1958 Cornelia
291 1917 323 1957 ae
340 1910 431 1958 vocat
449 1919 572 1960 sororem
586 1897 677 1962 Juttae
689 1920 733 1960 rs.
751 1901 799 1980 59
818 1898 970 1982 Nupserat
987 1917 1061 1957 vero
1079 1893 1179 1956 Paulo

135 1993 258 2055 AEmilio
272 1993 405 2076 Lepido,
419 1996 474 2077 qui
490 1995 524 2056 A.
540 1997 577 2057 U.
591 1996 668 2078 732,
680 1998 726 2059 M.
736 1996 868 2059 Claudio
879 1994 1027 2056 Marcello
1041 1994 1179 2054 AEaerino

135 2107 162 2153 et
172 2094 207 2152 Ι,
223 2093 353 2153 nuntio
365 2113 454 2169 cose,
465 2114 537 2155 curn
553 2095 588 2155 L
600 2096 742 2157 Munatio
754 2094 870 2156 Planco
886 2113 991 2155 censor
1008 2091 1081 2166 fnit,
1092 2088 1180 2172 qnod

135 2190 318 2252 etCornelia
328 2193 496 2255 innnitvss.
507 2191 544 2270 41
562 2194 653 2276 et67.
662 2197 735 2256 Tres
745 2192 857 2255 habuit
867 2192 980 2254 liberos
991 2189 1046 2271 (cf.
1058 2211 1103 2251 vs.
1114 2189 1179 2267 61),
1237 2209 1239 2213 ’

135 2288 208 2351 duos
234 2288 316 2351 filios
335 2291 476 2374 lepidum
496 2305 527 2354 et
554 2290 684 2354 Pmtlom
699 2294 764 2372 (vc.
787 2290 867 2370 63),
894 2308 1051 2372 unamque
1069 2287 1178 2349 filiam.

135 2388 257 2449 Mortua
271 2409 344 2451 vero
364 2403 409 2451 eat
426 2384 494 2452 hnc
512 2391 655 2452 Cornelia
676 2389 871 2451 hauddubie
887 2390 968 2451 circa
985 2388 1081 2450 finem
1101 2385 1179 2448 anni

135 2486 332 2573 precedentis
353 2489 422 2570 737.
441 2491 583 2572 Namque
600 2509 636 2550 co
656 2487 818 2550 manifeste
834 2487 955 2549 ducunt
975 2485 1069 2548 verba
1084 2483 1180 2566 ipsius

135 2582 285 2644 Corneliae
295 2604 340 2645 vs.
352 2585 408 2646 65:
706 2587 710 2594 '

317 2760 424 2807 Vidimus
432 2771 457 2808 et
464 2761 559 2808 fratrem
568 2760 647 2808 tellam
657 2764 786 2825 geminasse
796 2761 915 2808 curulem:

347 2830 696 2895 Comnleqnoirctotenrpore
704 2845 772 2895 rapta
779 2847 854 2879 soror.

136 2978 291 3039 Geminam
313 2977 383 3039 seila
407 2979 516 3041 cirratis
537 2980 619 3042 nihil
642 2980 728 3043 aliud
752 2982 925 3064 significare
947 2992 1061 3063 potest,
1083 2997 1180 3059 quam
1244 3033 1249 3043 ,

135 3072 260 3134 fratrem
271 3075 421 3137 Corneliae
431 3077 702 3160 biamagiatratum
710 3079 848 3139 curulem
856 3079 993 3160 gestisse,
1002 3075 1180 3136 aedilitatem

135 3189 245 3253 nempe
258 3184 289 3231 et
302 3186 486 3254 praeturam3
502 3175 569 3250 ced,
586 3196 685 3256 quum
699 3173 765 3255 jam
778 3174 887 3234 conoul
900 3173 1077 3254 designatus
1087 3181 1180 3244 estet,

135 3287 233 3350 neque
245 3281 351 3331 tamen
360 3268 427 3351 jam
440 3273 634 3334 consulatum
649 3272 772 3347 inisset,
787 3271 929 3331 Cornelia
940 3289 1021 3330 soror
1031 3280 1116 3351 rupto
1126 3279 1180 3326 eat.

135 3365 227 3441 Nam,
245 3368 271 3427 ai
288 3367 415 3430 fratrem
427 3370 533 3432 adhuc
551 3372 710 3433 consulem
725 3370 865 3446 vidisset,
879 3369 980 3430 dicere
995 3388 1061 3428 non
1080 3377 1182 3448 pooiet

136 3459 261 3523 fratrem
285 3466 377 3527 modo
399 3468 573 3548 geminasse
598 3468 704 3529 sellam
731 3467 888 3542 curulem,
914 3464 1008 3546 idque
1028 3484 1059 3525 se
1080 3464 1180 3544 ipsam

136 3559 253 3622 vidisse.
267 3562 334 3623 Vox
349 3578 472 3647 tempore
484 3587 569 3643 vero,
588 3567 622 3626 in
636 3587 725 3628 versu
739 3567 892 3640 breviore,
908 3564 1040 3646 pertinet
1054 3560 1095 3621 ad
1111 3578 1180 3642 par·

135 3657 275 3741 ticipinm
287 3674 388 3743 rapta.-
398 3667 557 3746 qusoror
566 3663 646 3726 itlius
656 3677 742 3746 rapta
752 3686 817 3725 snm
828 3677 968 3747 tempore,
979 3681 1037 3744 pro
1046 3658 1180 3740 tempori,

136 3753 240 3832 idest,
255 3758 288 3816 in
303 3770 455 3841 tempore,
468 3759 567 3842 justo,
582 3773 761 3843 opportuno
774 3773 931 3842 tempore,
950 3776 1048 3838 quum
1057 3752 1124 3836 jam
1135 3764 1182 3812 cat

136 3851 206 3913 felix
227 3854 369 3932 fuissem,
386 3878 487 3940 neque
506 3853 583 3919 mihi
601 3857 802 3941 perfortnnae
824 3855 1064 3920 inconstantiam
1088 3850 1181 3933 quid·

136 3969 230 4029 qnam
254 3952 370 4014 sinistri
386 3969 415 4015 et
434 3969 546 4038 praeter
567 3969 672 4039 optata
698 3954 861 4017 accidisset.
884 3954 1019 4014 Pertinet
1040 3949 1102 4010 huc
1122 3949 1181 4007 Do·

138 4048 200 4108 nati
224 4049 398 4112 observatio
419 4053 458 4113 nd
481 4056 601 4114 Terent.
622 4052 717 4114 Andr.
740 4055 849 4129 1v‚5,
868 4072 921 4132 19,
940 4052 1042 4115 «Veni
1060 4050 1093 4108 in
1109 4060 1181 4106 tem·
