2648 4792
405 412 494 474 PER
515 411 670 477 ANNOS
687 411 900 479 DlGEsTa.
1130 489 1132 495 ἲ
1151 441 1169 504 7

142 538 182 596 uti
199 534 327 617 agnovit
337 552 461 615 quoque
481 531 588 593 doctus
604 530 722 613 anglus
734 533 859 594 Crusius
873 535 905 593 in
922 534 970 594 tlte
983 537 1064 596 dives
1077 533 1174 621 ‹rftlm

142 635 252 693 domno
273 643 367 713 poets,
384 629 447 689 vol.
466 629 494 703 l,
518 651 549 711 p.
576 627 649 705 rod,
669 631 872 713 interpretatt.
895 631 1041 692 German.
1062 629 1173 693 Gbriat.

140 731 232 791 llenr.
244 727 410 801 Scbmidii‚
424 727 478 807 qui
490 727 653 788 nobiscum
665 726 755 802 facit,
769 741 800 788 et
812 727 955 789 eumdem
968 729 1004 791 A.
1015 730 1053 791 U.
1067 731 1101 791 G.
1113 749 1173 811 7⁰²

139 827 295 910 Propertio
307 825 448 904 adsignat
461 822 613 900 natalem,
624 823 693 885 licet
707 824 798 885 aliam
815 845 907 887 aram
917 828 1002 908 sequi
1016 827 1176 905 videatur,

139 926 230 985 unico
244 944 327 984 auno
342 944 361 983 a
373 936 493 998 nostra,
507 942 576 1003 qua
588 924 785 984 Varroniano
797 937 857 999 est,
871 923 1073 987 differentem.

175 1024 221 1083 De
232 1023 332 1106 patria
344 1021 495 1104 Propertii
513 1041 595 1082 nova
611 1021 804 1084 subnascitur
824 1020 1005 1100 difficultas,
1019 1023 1096 1085 dum
1108 1044 1176 1085 noo

138 1134 270 1203 septem,
283 1120 336 1180 sed
348 1119 396 1180 vel
406 1139 517 1180 novem
530 1120 639 1195 urbes,
652 1122 698 1183 uti
708 1141 725 1182 e
736 1121 888 1182 Douuolae
902 1121 1010 1183 libello
1023 1121 1059 1183 de
1068 1123 1183 1182 Patrio

138 1222 276 1300 Propertii
298 1231 440 1293 constat,
463 1215 584 1279 deboc
602 1219 683 1279 inter
704 1239 735 1279 se
754 1232 872 1280 cenant
887 1218 1017 1282 bonore.
1032 1221 1176 1282 Attamen

137 1317 238 1397 plures
250 1314 362 1377 barum
377 1316 503 1379 urbium
515 1329 587 1377 sunt
602 1317 651 1378 vel
661 1319 839 1379 recentioris
850 1318 995 1401 originis,
1010 1319 1054 1380 ita
1070 1332 1107 1380 ut
1119 1317 1176 1383 diu

138 1430 204 1496 post
215 1416 412 1497 Propertium
423 1416 526 1498 ipsum
537 1429 619 1476 natae
635 1417 714 1491 sint3
734 1417 782 1478 vel
795 1418 839 1479 ita
858 1418 920 1478 situ
932 1437 989 1478 suo
1002 1417 1176 1500 disposita,

138 1524 171 1571 ut
189 1510 408 1594 descriptioni,
421 1531 517 1592 quam
531 1525 623 1593 poeta
639 1510 745 1572 desua
763 1511 969 1595 subpeditavit
984 1513 1100 1595 patria,
1117 1515 1176 1574 mi·

138 1612 220 1672 nime
231 1611 455 1693 respondeant,
465 1608 622 1691 adeoque,
634 1611 772 1673 veritatis
783 1612 815 1671 vi
826 1611 969 1694 repulsa,
981 1611 1019 1672 de
1027 1613 1177 1694 petitione

137 1729 189 1768 sua
214 1709 411 1792 Propertium
427 1708 486 1769 sibi
502 1707 680 1770 vindicandi
699 1708 844 1772 decedere
859 1723 1020 1792 cogantur.
1035 1710 1178 1788 Quatuor

137 1806 229 1887 igitur
246 1806 391 1886 inprimis
408 1803 500 1866 urbes
520 1816 652 1881 restant,
667 1825 737 1886 quas
755 1804 890 1868 celebres
907 1806 978 1867 satis
995 1825 1031 1870 ac
1049 1805 1177 1868 disertos

136 1922 231 1964 causae
245 1923 306 1963 suae
323 1915 473 1984 patronos
489 1913 586 1961 nactae
600 1914 689 1977 sunt,
711 1922 905 1984 quarumque
915 1900 987 1984 jura
997 1899 1063 1984 jam
1081 1901 1176 1965 adcu-

137 2001 229 2059 ratius
244 1999 421 2060 odoramen
433 1997 572 2059 vocanda
584 2011 672 2074 sunt,
688 2012 723 2059 ut
731 1999 892 2080 adpareat,
902 1998 1072 2061 secundm
1081 2019 1175 2082 quam

137 2096 259 2157 illarum
274 2095 424 2157 vindicias
439 2095 513 2157 dare
528 2094 683 2176 integrum
695 2091 833 2175 judicem
846 2094 958 2156 deceat.

172 2194 285 2256 Tribus
296 2195 330 2255 in
340 2192 417 2254 locis
428 2192 604 2274 Propertius
615 2191 654 2253 de
667 2192 767 2274 patria
782 2211 837 2252 sua
853 2192 961 2273 egitE
976 2193 1079 2275 primo
1091 2190 1174 2255 locos

137 2311 245 2373 nempe
259 2291 312 2352 lib.
327 2292 358 2365 1,
376 2289 452 2370 eleg.
472 2310 527 2363 aa,
542 2288 683 2372 adparet,
696 2290 858 2351 Umbriam
875 2288 939 2370 ejus
954 2310 1017 2351 esse
1032 2290 1173 2371 patriam.

137 2389 181 2448 Sic
194 2390 276 2449 enirn
291 2389 334 2448 ait
347 2386 386 2448 ad
397 2386 539 2448 Tullum:

317 2531 341 2576 st
349 2530 458 2575 Perusina
470 2528 513 2575 tibi
522 2530 602 2590 patria
611 2538 665 2574 snat
674 2541 728 2575 nota
736 2528 855 2592 sepulcra,

348 2598 420 2646 ltalia
429 2611 454 2646 et
466 2598 529 2646 duris
540 2598 623 2647 laum
635 2598 793 2661 tmporibus,

318 2741 423 2786 Ptorima
436 2739 555 2803 subposito
563 2740 701 2800 contingens
713 2738 809 2785 Umbria
819 2755 901 2803 campo

346 2810 386 2856 lde
395 2810 487 2872 pouit,
497 2810 563 2855 reads
573 2807 655 2855 bertilia
663 2807 782 2855 uberibus.

136 2942 242 3003 Obiter
254 2955 376 3001 tautum
400 2942 548 3018 observo,
565 2944 715 3002 Penniam
735 2943 851 3025 ipsam,
872 2963 941 3023 quae
959 2941 1050 3003 Ciatti
1067 2941 1177 3023 opinio

135 3053 193 3117 est,
211 3059 278 3098 non
291 3059 382 3120 posse
395 3040 529 3122 patriam
544 3051 642 3120 poetae
656 3036 780 3114 baberi,
796 3059 896 3120 neque
911 3037 986 3099 adeo
1000 3039 1034 3097 in
1049 3056 1174 3096 censum

135 3148 267 3217 quatuor
277 3133 402 3195 illarum
422 3135 547 3194 urbium
565 3134 685 3209 venire,
701 3155 770 3216 quae
789 3133 828 3194 de
843 3135 944 3217 patria
962 3144 1059 3216 poetae
1078 3131 1175 3190 nostri

134 3231 339 3294 contendendi
351 3231 488 3313 aliquam
498 3229 577 3312 juris
588 3231 719 3313 speciem
732 3228 877 3291 babeant.
890 3230 917 3289 N
919 3252 969 3290 am
979 3230 1098 3290 Perusia
1109 3248 1175 3288 non

136 3328 167 3388 in
180 3329 328 3404 Umbria,
342 3329 394 3389 sed
411 3329 444 3388 in
460 3329 584 3389 Etruria
599 3328 657 3389 sita
670 3343 723 3389 est.

173 3427 218 3485 Ex
232 3425 329 3485 altero
343 3424 431 3501 loco,
445 3425 498 3502 lV,
517 3448 549 3501 1,
563 3426 602 3487 65
617 3447 661 3510 sq.
676 3424 817 3509 adparet,
829 3423 977 3508 Propertii
991 3424 1123 3507 patriam
1141 3423 1174 3481 in

136 3522 213 3584 valle
225 3523 362 3584 Umbria
375 3521 417 3583 ita
429 3523 521 3584 sitam
534 3523 643 3601 luisse,
655 3537 691 3584 ut
704 3545 785 3584 arces
797 3522 861 3605 ejus
873 3521 1053 3584 scanderent
1063 3519 1100 3581 de
1110 3518 1174 3581 val·

134 3618 223 3682 libus.
241 3623 286 3682 lta
302 3622 386 3682 enim
400 3622 483 3682 canit
496 3623 655 3683 Romanus
669 3620 891 3684 Callimachus:

317 3772 453 3820 &mles
464 3774 544 3835 siquis
553 3783 632 3820 cernet
640 3773 670 3820 do
676 3772 774 3820 vallabor
783 3789 859 3826 orces,

350 3845 447 3906 lngenio
455 3859 536 3892 muros
545 3846 642 3892 eadmer
649 3842 689 3892 illo
700 3860 762 3892 meo.

174 3975 199 4032 ll
218 3977 304 4037 tertio
324 3976 457 4060 denique
476 3979 611 4062 ejusdem
630 3979 733 4062 elegiae
752 3979 840 4053 loco,
862 3998 903 4039 vs.
934 3974 1104 4051 rar-126,
1121 3995 1174 4035 co·
