2648 4792
135 434 155 497 6
455 430 714 497 PROPERTll
739 430 849 495 VlTA

133 576 225 639 quem
238 555 367 638 Vulpius
380 554 479 614 Nostri
490 552 624 613 natalem
636 553 756 628 statuit,
771 572 924 635 quemque
933 554 980 613 Jo.
992 551 1170 638 christoph.

111 716 114 721 .
133 654 280 730 Gutum,
298 655 331 714 in
344 649 511 713 Hundbuelr
524 649 576 711 der
595 648 877 724 Universulbistorie,
893 672 923 733 p.
952 652 983 727 l,
1002 672 1072 734 pag.
1093 653 1171 733 933,

133 751 254 832 utrique
274 764 389 833 poetoe,
416 761 447 808 et
469 747 592 808 Tibullo
611 759 642 807 et
661 748 841 830 Propertio,
866 747 1001 809 vindicat
1016 751 1173 833 (namque

132 852 166 910 A.
181 850 224 911 Μ.
240 850 318 930 3926
331 847 439 908 incidit
458 849 491 907 in
509 848 543 906 A.
558 847 595 906 U.
610 845 644 909 C.
659 847 755 928 697),
775 847 874 928 prima
887 846 990 909 fronte
1008 848 1173 931 preferen-

132 949 209 1010 dum
223 946 409 1031 quibusdam
422 945 519 1007 videri
533 965 632 1029 poete.
647 945 704 1007 sed
718 965 819 1028 neque
832 967 890 1007 nos
903 948 1037 1008 multum
1051 948 1174 1009 aberra·

133 1046 236 1106 bimur
257 1066 275 1106 a
298 1065 380 1106 vero.
401 1044 529 1104 Ovidius
551 1046 635 1103 enim
662 1043 694 1102 in
713 1044 801 1105 Triet.
822 1046 881 1119 lV,
904 1066 955 1119 ro,
972 1044 1107 1122 [ιι-54,
1130 1048 1173 1108 eie

133 1156 254 1206 enormi
273 1153 410 1223 tempora
435 1152 594 1222 poetarum
618 1159 686 1200 oevo
711 1160 766 1201 suo
793 1139 1114 1218 celebratissimum,
1138 1156 1174 1202 ut

134 1237 277 1313 Gallum,
296 1237 474 1318 Virgilium,
499 1234 673 1312 Tibullum,
696 1238 876 1313 Horatium,
904 1258 969 1299 non
998 1252 1063 1298 tam
1094 1240 1174 1300 inter

135 1341 267 1406 ἡλικιώτας
280 1351 310 1397 et
324 1335 417 1419 plane
429 1339 585 1416 συγχρόνους
598 1334 673 1410 sibi,
689 1334 742 1395 sed
757 1336 836 1396 iuter
847 1349 1006 1397 veteranos
1018 1358 1053 1397 ac
1073 1338 1174 1396 senio-

133 1455 180 1495 res
196 1435 282 1516 quasi
295 1449 401 1516 poetas
423 1446 584 1494 recenseat.
599 1434 791 1516 Propertium
804 1453 878 1494 vero
894 1434 1005 1495 diserte
1015 1455 1058 1495 vs.
1075 1433 1114 1509 46
1130 1435 1175 1493 ait

134 1532 191 1592 sibi
205 1531 275 1613 jure
288 1531 424 1594 sodalitii
434 1528 577 1611 junctum
591 1529 699 1606 fuisse,
712 1531 976 1613 quemadmodum
990 1533 1081 1592 etiam
1096 1533 1177 1591 Pon-

133 1629 227 1690 ticum
239 1644 269 1690 et
283 1633 422 1702 Rursum,
438 1627 639 1688 amicissimos
651 1629 811 1711 Propertio
829 1641 952 1702 nostro,
968 1628 1070 1689 dulcio
1084 1626 1176 1689 refert

76 1803 81 1815 .
134 1726 291 1787 convictus
307 1726 353 1786 sui
367 1724 459 1785 fuisse
474 1724 633 1784 membra:

319 1907 438 1968 Temporis
447 1904 508 1951 illim
518 1904 579 1950 colui
589 1906 682 1967 touque
691 1917 771 1967 portur
780 1923 786 1958 ς

349 1985 460 2047 Quotque
468 1981 565 2029 aderaut
574 1982 648 2036 inter,
657 1977 726 2028 rebor
735 1981 813 2028 ederet
822 1981 885 2030 deor.

323 2052 387 2114 δεμ
396 2064 449 2100 mut
457 2050 563 2101 volueret
571 2051 627 2116 legit
636 2052 692 2099 mibi
704 2054 813 2114 grandior
821 2068 882 2106 iero,

352 2124 457 2189 Quaeque
466 2135 534 2170 necet
542 2139 651 2186 serpent,
662 2139 714 2186 quae
722 2125 789 2187 juvet
798 2124 882 2181 herba,
896 2125 983 2169 Macer.

321 2199 385 2256 supe
394 2210 446 2242 ruor
454 2195 535 2242 tolitur
543 2197 639 2241 recitare
650 2196 780 2258 Propertius
790 2199 868 2257 ignes,

350 2267 408 2311 Jttr
416 2265 517 2313 rodnliu'i
525 2266 566 2327 qui
575 2263 631 2311 milri
638 2267 733 2328 iuuetur
741 2279 797 2312 erut.

320 2335 425 2395 Pouupuu
433 2335 518 2394 heroo,
530 2337 616 2383 &usur
622 2351 717 2399 quoque
726 2336 801 2386 etam·
810 2338 889 2392 iumbo

353 2404 433 2453 Dulcia
444 2410 563 2461 convictui
575 2406 679 2453 membru
688 2408 752 2454 fuere
761 2411 814 2455 mei.

322 2478 349 2521 Et
357 2477 431 2521 tenuit
440 2468 528 2522 nostrai
539 2490 674 2523 numerorut
687 2477 795 2524 Horatius
804 2493 884 2533 uuret,

303 2572 312 2591 t
354 2547 415 2592 Dum
423 2542 698 2595 autumationum
706 2548 770 2596 culte
777 2549 836 2613 lyra.

326 2618 349 2660 V
354 2620 358 2628 '
385 2616 449 2663 ilium
459 2619 506 2665 ridi
515 2629 617 2675 tuntum
628 2635 673 2669 net
683 2635 753 2668 avara
764 2619 855 2668 Tibullo

372 2704 452 2750 empus
461 2692 566 2738 amicitie
575 2690 622 2736 latu
630 2689 717 2738 dedere
726 2707 790 2738 meae.

323 2758 445 2807 Suec'euor
452 2760 497 2808 fuit
506 2758 541 2808 liic
549 2759 606 2816 tibi,
615 2760 696 2818 Gulief
704 2764 833 2824 Propertius
842 2759 888 2817 illi,-

354 2832 456 2891 Quurtut
463 2832 495 2880 ub
502 2832 539 2885 bit
546 2836 607 2880 rotie
616 2835 728 2896 temporis
736 2837 785 2896 iper
794 2832 837 2880 tui.

178 3014 337 3079 Cornelius
349 3017 455 3081 Gallus
468 3021 541 3081 totis
559 3020 649 3081 anuis
668 3021 707 3082 do
717 3022 847 3101 (nempe
859 3020 895 3078 A.
908 3018 945 3079 U.
964 3018 999 3078 C.
1016 3015 1093 3096 681)
1109 3029 1181 3076 anto

141 3112 287 3174 Ovidium
301 3129 408 3190 uatus,
425 3116 505 3183 obiit
519 3130 621 3178 morte
636 3117 815 3179 voluntaria
826 3120 861 3177 A.
876 3117 913 3176 U.
925 3116 960 3175 C.
977 3114 1055 3198 728,
1073 3134 1181 3174 recum

140 3209 216 3272 dum
227 3213 370 3276 eumdem
387 3216 526 3278 Ilouram
545 3214 567 3276 l.
586 3237 612 3279 c.
629 3213 715 3296 cujus
738 3216 870 3275 rationes
884 3213 980 3274 etium
1001 3214 1179 3273 Rurmauuo

140 3308 266 3390 probari
288 3309 378 3371 video
401 3310 441 3372 ed
457 3311 583 3374 Antbol.
602 3313 668 3372 but.
691 3309 832 3372 Tibullus
854 3311 989 3372 nascitur
1005 3310 1180 3371 secundum

141 3407 286 3469 Domum.
297 3409 330 3469 Δ.
348 3409 423 3489 697,
439 3424 475 3469 ut
490 3409 572 3472 inter
589 3407 673 3485 bunc
691 3424 721 3470 et
737 3407 864 3479 Gallum
886 3408 922 3468 ιθ
937 3408 1012 3468 unul
1032 3406 1182 3490 interjecti

140 3502 218 3577 sint,
236 3502 428 3586 totidemque
447 3505 561 3568 dentur
576 3505 739 3568 interuallo
754 3514 851 3587 uoque
871 3504 910 3566 ad
931 3506 1035 3566 Ovidii
1054 3505 1180 3565 natales.

140 3597 315 3679 Propertius
330 3615 434 3663 tameo
449 3602 588 3663 mccemit
597 3600 741 3677 Tibullo,
762 3602 839 3664 siout
854 3602 918 3684 ipse
929 3601 1010 3670 Nero
1024 3601 1182 3684 Propertio

142 3707 257 3756 nottro.
277 3698 337 3762 llic
363 3713 442 3761 oerte
464 3720 531 3760 nou
558 3699 719 3782 pauciores
740 3719 835 3780 quam
850 3699 871 3759 6
893 3698 942 3760 vel
959 3696 984 3759 T
1003 3699 1076 3758 enni
1103 3699 1182 3759 iuter

128 3804 306 3874 ¹utrumque
320 3794 440 3860 adsumi
454 3817 543 3880 poste
557 3797 712 3858 videntur.
724 3798 903 3878 Propertius
911 3816 1035 3878 quoque
1049 3797 1179 3879 propior

141 3888 242 3953 adbuc
255 3892 372 3956 Neroni
387 3894 481 3967 fusiore
496 3896 590 3956 rideri
606 3897 720 3977 poerit,
735 3894 814 3957 dum
829 3892 937 3976 trojus
955 3893 1090 3955 sodalem
1109 3915 1180 3975 pro·

141 3983 258 4065 litetur,
275 3992 360 4072 quod
378 3992 410 4053 iu
429 3991 587 4055 bominem
602 3992 814 4055 multis'mnie
831 3991 978 4074 majorem
996 4012 1063 4052 uon
1081 3989 1181 4064 cadit,
