2648 4792
334 429 421 494 PER
444 429 836 500 tsnosumnsst.
1064 463 1096 502 ιι

384 623 415 674 Δ.
426 623 458 674 U.
474 623 503 676 C.
517 623 584 693 7¹4³
598 621 726 695 Propertii
742 620 781 672 13.

264 701 312 754 Cu.
324 698 454 756 Domitius
465 701 591 757 Celsinus
601 703 640 765 ll;
654 703 683 754 C.
696 698 802 753 Asinius
813 698 907 753 Pollio.

105 868 221 929 Bellum
234 868 425 930 Perusinum.
439 870 506 930 Hoc
518 870 551 929 in
562 867 644 931 bello
656 866 780 928 ridetur
795 865 898 928 Gallus
907 879 933 942 ¹,
952 866 1106 949 Propertii

72 968 163 1027 nostri
181 968 311 1044 eminus,
330 968 377 1029 vel
395 971 609 1052 propinquus,
627 967 745 1033 insidiis
756 967 917 1031 latronum
930 967 1107 1029 interfectus

71 1062 168 1125 inisse.
182 1064 228 1126 Cf.
246 1066 275 1139 l,
296 1064 371 1147 eleg.
395 1087 450 1154 nr,
472 1067 615 1151 inprimis
630 1087 674 1128 rs.
694 1087 712 1149 7
732 1079 763 1126 et
783 1066 819 1140 83
838 1064 914 1146 eleg.
938 1086 995 1140 22,
1016 1064 1105 1126 6-8.

381 1245 412 1295 Δ.
423 1243 457 1295 U.
469 1243 576 1314 C.717;
591 1242 721 1314 Propertii
739 1241 778 1295 16.

273 1321 310 1372 ld.
323 1323 465 1393 Vipsanius
475 1323 608 1395 Agrippa
623 1323 652 1375 L.
665 1322 790 1375 Caninius
801 1318 901 1373 Gallu's.

106 1469 173 1530 Hoc
189 1491 274 1532 anno
295 1473 437 1549 ineunte,
458 1488 562 1556 togam
582 1472 700 1535 virilem
721 1493 779 1555 pro
799 1491 886 1532 more
907 1465 1008 1530 saeculi
1027 1464 1108 1526 illius

70 1566 243 1648 Propertius
259 1572 377 1639 sumsit,
393 1572 462 1635 Vid.
482 1593 561 1654 quos
581 1569 689 1636 laudat
704 1572 805 1653 Heyn.
824 1569 858 1632 in
879 1569 941 1628 Vis
960 1566 1047 1645 Virg.
1067 1561 1105 1622 ed

70 1666 100 1747 A.
112 1667 150 1728 U·
163 1666 233 1750 ⁶99*
247 1671 293 1739 lta
306 1672 390 1735 enim
404 1673 512 1739 Noster
524 1672 578 1747 JV,
598 1692 628 1746 ι,
647 1670 717 1733 131:

248 1819 305 1866 Mox
313 1820 354 1868 ubl
362 1819 425 1868 bulla
434 1821 488 1868 rudi
496 1821 591 1869 diruisse
599 1832 635 1868 est
643 1835 715 1868 eures
724 1819 795 1880 collo,

282 1891 362 1939 Matris
370 1905 393 1940 ct
401 1905 454 1940 unte
464 1893 520 1940 deos
528 1894 602 1940 libers
613 1904 690 1939 sumtu
700 1903 764 1955 toqs3

251 1963 312 2007 Turn
321 1960 363 2008 tibi
371 1978 445 2025 peuce
455 1979 496 2009 suo
504 1962 535 2010 de
544 1965 646 2010 carmine
655 1962 726 2009 dictat
737 1960 833 2025 Apollo,

281 2032 309 2078 Et
317 2045 380 2079 vetet
388 2035 469 2084 insano
476 2035 550 2084 verbe
558 2046 640 2084 tooure
648 2034 708 2083 toro.

69 2161 170 2244 Neque
183 2179 244 2240 est,
258 2165 342 2246 quod
355 2169 507 2250 particula
520 2173 594 2230 Mox
604 2169 785 2251 quempiam
801 2178 942 2238 moveat,
957 2161 1045 2243 quasi
1061 2160 1108 2219 in·

70 2269 112 2316 ter
127 2262 265 2338 perticam
287 2262 372 2323 illam
392 2269 498 2326 tristem
514 2281 544 2327 et
562 2278 660 2348 tuqam
677 2286 783 2347 puram
802 2284 867 2324 non
884 2255 1109 2320 intercesserint

70 2353 180 2434 integri
192 2371 327 2437 quatuor
338 2365 413 2420 anni
428 2385 436 2422 z
452 2375 563 2424 notum
577 2363 661 2423 euim
675 2375 732 2437 est,
747 2360 794 2421 vel
810 2358 988 2431 historicos,
1005 2352 1108 2414 nomi·

69 2450 164 2510 natim
178 2451 323 2531 Florum,
344 2458 496 2523 similibus
516 2458 719 2520 connectendi
738 2455 895 2540 particulis
912 2470 976 2515 tarn
995 2451 1109 2513 lateas

69 2568 142 2630 vage
159 2550 214 2610 uti.
236 2553 275 2612 Et
293 2554 401 2618 Noster
414 2556 490 2623 alibi
510 2559 578 2645 puri
596 2558 717 2619 ratione
737 2554 819 2616 hanc
831 2574 937 2615 vocem
951 2551 1040 2635 ponit
1053 2548 1109 2628 1v,

73 2666 122 2722 ¹¹2
137 2647 193 2724 333
210 2664 239 2710 0¹
257 2652 317 2728 ΠΙ,
341 2675 390 2735 ¹¹,
411 2677 468 2737 29,
489 2656 572 2719 modo
590 2657 730 2719 similiter
742 2655 812 2716 satis
830 2654 959 2736 longum
974 2649 1109 2733 spatium

69 2743 215 2830 designat,
223 2749 359 2815 Adsumo
370 2775 441 2817 vero
450 2755 535 2821 huuc
549 2757 692 2840 inprimis
702 2776 839 2831 annum,
852 2753 925 2836 quia
935 2763 1025 2836 poeta
1038 2769 1110 2813 curn
1181 2761 1185 2768 ’

69 2864 104 2905 eo
127 2849 230 2909 stetim
252 2851 412 2941 conjungit
437 2855 574 2917 studium
596 2855 742 2918 carminis
767 2850 939 2931 scribendi3
964 2852 997 2913 in
1024 2846 1109 2931 quod

69 2941 174 3004 ΗΘΜ
186 2946 319 3014 maxime
334 2949 524 3029 incubuisse,
546 2951 684 3039 adeoque
702 2950 783 3013 circa
800 2951 882 3011 idem
898 2962 1019 3031 tempus
1031 2966 1067 3007 eo
1079 2965 1112 3010 se

68 3041 232 3130 contulisse
246 3046 415 3111 censendus
427 3062 486 3125 est,
505 3050 611 3115 sicute
630 3069 719 3110 versu
737 3049 878 3109 breviore
891 3045 1036 3127 colligas,
1056 3041 1111 3124 qui

105 3230 241 3301 ullullru,
249 3254 348 3288 nomen
356 3239 493 3315 proprium
503 3240 565 3290 ami·
609 3255 684 3291 snam
707 3240 839 3289 amiserat.
867 3234 991 3307 Ejusdem
1022 3244 1111 3283 tamen

69 3311 92 3361 ei
100 3312 229 3383 Propertii
237 3313 397 3371 hauddubie
405 3318 494 3372 ficturo
504 3309 530 3385 1,
539 3321 564 3385 5,
610 3329 708 3390 poete,
726 3318 786 3387 qui,
801 3334 884 3387 quum
897 3332 992 3386 prae⁸e⁸
1007 3312 1111 3383 AElell
1133 3350 1137 3357 ·

69 3389 116 3453 31;
140 3409 188 3459 ro,
205 3394 236 3456 5;
254 3396 302 3462 13,
324 3415 356 3462 η
380 3416 428 3461 ao,
448 3417 470 3453 r.
488 3399 565 3454 Certe
609 3410 694 3462 eust,
711 3413 740 3448 se
755 3397 813 3468 ipse
827 3395 975 3457 interfecit,
994 3392 1111 3444 meminit

68 3487 121 3520 non
130 3485 170 3522 est
180 3475 394 3536 confundendum
401 3477 565 3535 cumcelebri
609 3478 763 3548 Propertius
774 3478 814 3542 11,
827 3475 877 3543 34,
887 3491 931 3545 9¹·
943 3473 985 3526 Ab
997 3486 1111 3543 utroque

67 3546 112 3600 illo
125 3550 246 3605 Cornelio
264 3555 354 3621 Gallo,
370 3555 566 3628 forojuliense,
610 3553 728 3608 diversus
744 3567 784 3607 est
799 3554 843 3607 ille
860 3554 1028 3625 propinquus
1044 3553 1110 3603 Pro·

68 3623 203 3696 elegorum
216 3634 359 3702 scriptore,
376 3645 402 3684 et
413 3633 565 3704 Euphorio-
608 3635 702 3705 perui,
721 3634 749 3684 in
765 3631 836 3686 bello
851 3633 976 3686 Perusino
991 3632 1110 3693 occisus,

68 3705 107 3757 uis
120 3704 301 3763 Chalcidensis
314 3714 466 3783 interprete.
484 3714 563 3765 Nam·
608 3714 685 3782 cujus
694 3713 723 3764 lit
735 3715 833 3766 mentio
848 3714 875 3777 1,
888 3729 937 3776 ur,
955 3728 979 3781 7.
994 3708 1111 3761 Tandem

68 3801 120 3854 que
134 3787 158 3838 is
172 3786 392 3860 paulogrendlor
410 3805 474 3843 nutu
490 3788 564 3844 ride·
608 3789 700 3844 Gallus
723 3809 830 3863 qnoque
853 3803 892 3843 est
917 3788 987 3842 lilius
1013 3787 1110 3853 Arrio,

68 3878 127 3930 tur,
143 3884 222 3937 quarn
241 3882 270 3920 ut
285 3873 374 3922 omnis
388 3869 447 3923 loca
464 3873 491 3923 in
503 3891 563 3925 enm
609 3871 691 3922 freter
703 3871 832 3942 Luperci,
853 3870 897 3941 qui
915 3867 1031 3920 concidit
1050 3878 1111 3918 ante

69 3946 130 3995 satis
149 3947 288 4000 commode
306 3950 474 4001 conveniunt.
488 3950 564 4003 Adde
609 3950 703 4021 aquilas
718 3952 790 4020 siqua
811 3963 921 4003 cruente
941 3951 990 4015 lV,
1017 3965 1044 4012 r,
1065 3947 1108 4017 95.

70 4021 140 4090 quod
154 4025 176 4075 is
184 4027 240 4094 jam
253 4027 282 4078 A.
296 4028 327 4078 U.
342 4044 392 4097 717
409 4027 563 4101 Lycoridem
608 4029 738 4082 Berthius.
