<?xml version="1.0" encoding="UTF-8"?>
<!DOCTYPE html PUBLIC "-//W3C//DTD XHTML 1.0 Transitional//EN"
    "http://www.w3.org/TR/xhtml1/DTD/xhtml1-transitional.dtd">
<html xmlns="http://www.w3.org/1999/xhtml" xml:lang="en" lang="en">
 <head>
  <title>
</title>
<meta http-equiv="Content-Type" content="text/html;charset=utf-8" />
  <meta name='ocr-system' content='tesseract 3.04.00' />
  <meta name='ocr-capabilities' content='ocr_page ocr_carea ocr_par ocr_line ocrx_word'/>
</head>
<body>
  <div class='ocr_page' id='page_1' title='image "bibliothecaclas37lemagoog_0036.png"; bbox 0 0 2648 4792; ppageno 0'>
   <div class='ocr_carea' id='block_1_1' title="bbox 405 376 1172 446">
    <p class='ocr_par' dir='ltr' id='par_1_1' title="bbox 405 376 1172 446">
     <span class='ocr_line' id='line_1_1' title="bbox 405 376 1172 446; baseline 0.007 -5"><span class='ocrx_word' id='word_1_1' title='bbox 405 378 493 442; x_wconf 83' lang='lat' dir='ltr'>PER</span> <span class='ocrx_word' id='word_1_2' title='bbox 517 376 673 442; x_wconf 86' lang='lat' dir='ltr'>ANNOS</span> <span class='ocrx_word' id='word_1_3' title='bbox 696 378 910 445; x_wconf 84' lang='lat' dir='ltr'>DlGESTA.</span> <span class='ocrx_word' id='word_1_4' title='bbox 1134 403 1172 446; x_wconf 84' lang='lat' dir='ltr'>ar</span> 
     </span>
    </p>
   </div>
   <div class='ocr_carea' id='block_1_2' title="bbox 137 501 1184 2342">
    <p class='ocr_par' dir='ltr' id='par_1_2' title="bbox 137 501 1184 2342">
     <span class='ocr_line' id='line_1_2' title="bbox 139 501 1179 589; baseline 0.006 -27"><span class='ocrx_word' id='word_1_5' title='bbox 139 503 202 564; x_wconf 87' lang='lat' dir='ltr'>bus.</span> <span class='ocrx_word' id='word_1_6' title='bbox 213 501 262 564; x_wconf 80' lang='lat' dir='ltr'>cf.</span> <span class='ocrx_word' id='word_1_7' title='bbox 275 513 335 563; x_wconf 86' lang='lat' dir='ltr'>vet.</span> <span class='ocrx_word' id='word_1_8' title='bbox 344 501 502 564; x_wconf 87' lang='lat' dir='ltr'>Scholiast.</span> <span class='ocrx_word' id='word_1_9' title='bbox 513 503 553 563; x_wconf 91' lang='lat' dir='ltr'>ad</span> <span class='ocrx_word' id='word_1_10' title='bbox 564 505 673 565; x_wconf 84' lang='lat' dir='ltr'>Horat</span> <span class='ocrx_word' id='word_1_11' title='bbox 686 506 774 586; x_wconf 85' lang='lat' dir='ltr'>epist.</span> <span class='ocrx_word' id='word_1_12' title='bbox 787 506 819 582; x_wconf 92' lang='lat' dir='ltr'>l,</span> <span class='ocrx_word' id='word_1_13' title='bbox 834 507 870 580; x_wconf 82' lang='lat'>3,</span> <span class='ocrx_word' id='word_1_14' title='bbox 888 524 913 565; x_wconf 86' lang='lat' dir='ltr'>r.</span> <span class='ocrx_word' id='word_1_15' title='bbox 923 504 1028 588; x_wconf 81' lang='lat' dir='ltr'>Neque</span> <span class='ocrx_word' id='word_1_16' title='bbox 1037 516 1082 568; x_wconf 87' lang='lat' dir='ltr'>est</span> <span class='ocrx_word' id='word_1_17' title='bbox 1093 507 1179 589; x_wconf 91' lang='lat' dir='ltr'>quod</span> 
     </span>
     <span class='ocr_line' id='line_1_3' title="bbox 139 600 1179 684; baseline 0.006 -26"><span class='ocrx_word' id='word_1_18' title='bbox 139 600 205 680; x_wconf 90' lang='lat' dir='ltr'>quis</span> <span class='ocrx_word' id='word_1_19' title='bbox 226 613 327 682; x_wconf 89' lang='lat' dir='ltr'>putet,</span> <span class='ocrx_word' id='word_1_20' title='bbox 349 602 391 660; x_wconf 84' lang='lat' dir='ltr'>ita</span> <span class='ocrx_word' id='word_1_21' title='bbox 403 602 467 659; x_wconf 84' lang='lat' dir='ltr'>vim</span> <span class='ocrx_word' id='word_1_22' title='bbox 480 603 565 661; x_wconf 84' lang='lat' dir='ltr'>vocis</span> <span class='ocrx_word' id='word_1_23' title='bbox 581 604 694 683; x_wconf 83' lang='lat' dir='ltr'>imperii</span> <span class='ocrx_word' id='word_1_24' title='bbox 708 607 817 684; x_wconf 82' lang='lat' dir='ltr'>accepti</span> <span class='ocrx_word' id='word_1_25' title='bbox 831 622 898 662; x_wconf 90' lang='lat' dir='ltr'>non</span> <span class='ocrx_word' id='word_1_26' title='bbox 918 604 989 663; x_wconf 88' lang='lat' dir='ltr'>satis</span> <span class='ocrx_word' id='word_1_27' title='bbox 1009 601 1179 664; x_wconf 74' lang='lat' dir='ltr'>exhauriri:</span> 
     </span>
     <span class='ocr_line' id='line_1_4' title="bbox 138 697 1180 782; baseline 0.005 -26"><span class='ocrx_word' id='word_1_28' title='bbox 138 717 210 756; x_wconf 87' lang='lat' dir='ltr'>uam</span> <span class='ocrx_word' id='word_1_29' title='bbox 228 697 330 759; x_wconf 80' lang='lat' dir='ltr'><strong>solent</strong></span> <span class='ocrx_word' id='word_1_30' title='bbox 341 699 451 781; x_wconf 89' lang='lat' dir='ltr'>optimi</span> <span class='ocrx_word' id='word_1_31' title='bbox 462 699 623 781; x_wconf 77' lang='lat' dir='ltr'><strong>scriptores</strong></span> <span class='ocrx_word' id='word_1_32' title='bbox 634 713 667 759; x_wconf 90' lang='lat' dir='ltr'>et</span> <span class='ocrx_word' id='word_1_33' title='bbox 677 699 777 760; x_wconf 76' lang='lat' dir='ltr'>Graeci</span> <span class='ocrx_word' id='word_1_34' title='bbox 794 712 826 759; x_wconf 93' lang='lat' dir='ltr'>et</span> <span class='ocrx_word' id='word_1_35' title='bbox 838 700 941 760; x_wconf 83' lang='lat' dir='ltr'>Latini</span> <span class='ocrx_word' id='word_1_36' title='bbox 952 700 995 760; x_wconf 90' lang='lat' dir='ltr'>ita</span> <span class='ocrx_word' id='word_1_37' title='bbox 1006 700 1104 782; x_wconf 92' lang='lat' dir='ltr'>loqui.</span> <span class='ocrx_word' id='word_1_38' title='bbox 1116 701 1180 777; x_wconf 92' lang='lat' dir='ltr'>Sic,</span> 
     </span>
     <span class='ocr_line' id='line_1_5' title="bbox 138 795 1182 882; baseline 0.007 -29"><span class='ocrx_word' id='word_1_39' title='bbox 138 808 170 855; x_wconf 90' lang='lat' dir='ltr'>ut</span> <span class='ocrx_word' id='word_1_40' title='bbox 180 797 274 857; x_wconf 90' lang='lat' dir='ltr'>unico</span> <span class='ocrx_word' id='word_1_41' title='bbox 286 795 393 856; x_wconf 85' lang='lat' dir='ltr'>saltem</span> <span class='ocrx_word' id='word_1_42' title='bbox 407 798 440 856; x_wconf 93' lang='lat' dir='ltr'>io</span> <span class='ocrx_word' id='word_1_43' title='bbox 456 795 536 858; x_wconf 89' lang='lat' dir='ltr'>banc</span> <span class='ocrx_word' id='word_1_44' title='bbox 550 818 614 858; x_wconf 90' lang='lat' dir='ltr'>rem</span> <span class='ocrx_word' id='word_1_45' title='bbox 632 810 702 858; x_wconf 87' lang='lat' dir='ltr'>utar</span> <span class='ocrx_word' id='word_1_46' title='bbox 713 797 868 880; x_wconf 88' lang='lat' dir='ltr'>exemplo,</span> <span class='ocrx_word' id='word_1_47' title='bbox 885 799 1040 859; x_wconf 84' lang='lat' dir='ltr'>Lucienus</span> <span class='ocrx_word' id='word_1_48' title='bbox 1058 800 1093 860; x_wconf 91' lang='lat' dir='ltr'>in</span> <span class='ocrx_word' id='word_1_49' title='bbox 1104 801 1182 882; x_wconf 90' lang='lat' dir='ltr'>Apo·</span> 
     </span>
     <span class='ocr_line' id='line_1_6' title="bbox 137 891 1181 980; baseline 0.007 -29"><span class='ocrx_word' id='word_1_50' title='bbox 137 891 198 974; x_wconf 84' lang='lat' dir='ltr'>leg.</span> <span class='ocrx_word' id='word_1_51' title='bbox 212 913 272 974; x_wconf 90' lang='lat' dir='ltr'>pro</span> <span class='ocrx_word' id='word_1_52' title='bbox 288 893 428 955; x_wconf 83' lang='lat' dir='ltr'>mercede</span> <span class='ocrx_word' id='word_1_53' title='bbox 441 893 625 971; x_wconf 87' lang='lat' dir='ltr'>Conductis,</span> <span class='ocrx_word' id='word_1_54' title='bbox 639 907 713 956; x_wconf 91' lang='lat' dir='ltr'>tom.</span> <span class='ocrx_word' id='word_1_55' title='bbox 732 896 768 970; x_wconf 94' lang='lat' dir='ltr'>l,</span> <span class='ocrx_word' id='word_1_56' title='bbox 788 916 860 977; x_wconf 91' lang='lat' dir='ltr'>pag.</span> <span class='ocrx_word' id='word_1_57' title='bbox 875 917 948 978; x_wconf 80' lang='lat'>721,</span> <span class='ocrx_word' id='word_1_58' title='bbox 964 917 1031 978; x_wconf 85' lang='lat' dir='ltr'>cap.</span> <span class='ocrx_word' id='word_1_59' title='bbox 1050 917 1107 973; x_wconf 84' lang='lat' dir='ltr'>ra,</span> <span class='ocrx_word' id='word_1_60' title='bbox 1123 918 1181 980; x_wconf 93' lang='lat' dir='ltr'>pu·</span> 
     </span>
     <span class='ocr_line' id='line_1_7' title="bbox 138 991 1180 1077; baseline 0.005 -27"><span class='ocrx_word' id='word_1_61' title='bbox 138 991 209 1052; x_wconf 91' lang='lat' dir='ltr'>blici</span> <span class='ocrx_word' id='word_1_62' title='bbox 226 993 349 1075; x_wconf 90' lang='lat' dir='ltr'>imperii</span> <span class='ocrx_word' id='word_1_63' title='bbox 363 1014 394 1055; x_wconf 89' lang='lat' dir='ltr'>se</span> <span class='ocrx_word' id='word_1_64' title='bbox 416 994 597 1076; x_wconf 75' lang='lat' dir='ltr'>participem</span> <span class='ocrx_word' id='word_1_65' title='bbox 610 994 743 1071; x_wconf 83' lang='lat' dir='ltr'>factum,</span> <span class='ocrx_word' id='word_1_66' title='bbox 758 1015 811 1056; x_wconf 90' lang='lat' dir='ltr'>seu</span> <span class='ocrx_word' id='word_1_67' title='bbox 825 995 947 1077; x_wconf 91' lang='lat' dir='ltr'>publice</span> <span class='ocrx_word' id='word_1_68' title='bbox 964 996 998 1055; x_wconf 93' lang='lat' dir='ltr'>in</span> <span class='ocrx_word' id='word_1_69' title='bbox 1011 996 1180 1056; x_wconf 84' lang='lat' dir='ltr'>maximam</span> 
     </span>
     <span class='ocr_line' id='line_1_8' title="bbox 137 1091 1181 1176; baseline 0.002 -27"><span class='ocrx_word' id='word_1_70' title='bbox 137 1102 255 1170; x_wconf 89' lang='lat' dir='ltr'>partem</span> <span class='ocrx_word' id='word_1_71' title='bbox 269 1091 389 1172; x_wconf 88' lang='lat' dir='ltr'>imperii</span> <span class='ocrx_word' id='word_1_72' title='bbox 413 1111 445 1151; x_wconf 92' lang='lat' dir='ltr'>se</span> <span class='ocrx_word' id='word_1_73' title='bbox 459 1092 576 1152; x_wconf 86' lang='lat' dir='ltr'>venisse</span> <span class='ocrx_word' id='word_1_74' title='bbox 593 1093 722 1173; x_wconf 73' lang='grc' dir='ltr'>(δημοσίᾳ</span> <span class='ocrx_word' id='word_1_75' title='bbox 741 1103 786 1161; x_wconf 79' lang='grc' dir='ltr'>τῆς</span> <span class='ocrx_word' id='word_1_76' title='bbox 805 1096 1018 1176; x_wconf 71' lang='grc' dir='ltr'><strong>μηίστηςὰρχῆς</strong></span> <span class='ocrx_word' id='word_1_77' title='bbox 1032 1093 1181 1173; x_wconf 68' lang='grc' dir='ltr'><strong>κοινωνεῖν)</strong></span> 
     </span>
     <span class='ocr_line' id='line_1_9' title="bbox 138 1186 1181 1272; baseline 0.002 -25"><span class='ocrx_word' id='word_1_78' title='bbox 138 1186 257 1262; x_wconf 81' lang='lat' dir='ltr'><strong>scribit,</strong></span> <span class='ocrx_word' id='word_1_79' title='bbox 276 1209 374 1268; x_wconf 87' lang='lat' dir='ltr'>quum</span> <span class='ocrx_word' id='word_1_80' title='bbox 399 1200 522 1249; x_wconf 88' lang='lat' dir='ltr'>tantum</span> <span class='ocrx_word' id='word_1_81' title='bbox 549 1210 672 1265; x_wconf 87' lang='lat' dir='ltr'>eorum,</span> <span class='ocrx_word' id='word_1_82' title='bbox 700 1209 770 1270; x_wconf 75' lang='lat' dir='ltr'>quse</span> <span class='ocrx_word' id='word_1_83' title='bbox 795 1189 966 1271; x_wconf 79' lang='lat' dir='ltr'>agebantur</span> <span class='ocrx_word' id='word_1_84' title='bbox 984 1191 1017 1250; x_wconf 92' lang='lat' dir='ltr'>in</span> <span class='ocrx_word' id='word_1_85' title='bbox 1039 1188 1181 1272; x_wconf 88' lang='lat' dir='ltr'>judiciis,</span> 
     </span>
     <span class='ocr_line' id='line_1_10' title="bbox 138 1284 1182 1369; baseline 0.003 -26"><span class='ocrx_word' id='word_1_86' title='bbox 138 1286 372 1346; x_wconf 69' lang='lat' dir='ltr'>commentarios</span> <span class='ocrx_word' id='word_1_87' title='bbox 382 1285 558 1346; x_wconf 87' lang='lat' dir='ltr'>scribendos</span> <span class='ocrx_word' id='word_1_88' title='bbox 571 1299 706 1360; x_wconf 87' lang='lat' dir='ltr'>curaret,</span> <span class='ocrx_word' id='word_1_89' title='bbox 718 1300 748 1346; x_wconf 91' lang='lat' dir='ltr'>et</span> <span class='ocrx_word' id='word_1_90' title='bbox 761 1285 880 1346; x_wconf 87' lang='lat' dir='ltr'>decreta</span> <span class='ocrx_word' id='word_1_91' title='bbox 894 1285 1071 1369; x_wconf 89' lang='lat' dir='ltr'>reponenda</span> <span class='ocrx_word' id='word_1_92' title='bbox 1084 1284 1182 1346; x_wconf 90' lang='lat' dir='ltr'>trade·</span> 
     </span>
     <span class='ocr_line' id='line_1_11' title="bbox 138 1381 1181 1466; baseline 0.001 -25"><span class='ocrx_word' id='word_1_93' title='bbox 138 1394 188 1441; x_wconf 85' lang='lat' dir='ltr'>ret.</span> <span class='ocrx_word' id='word_1_94' title='bbox 216 1384 371 1444; x_wconf 86' lang='lat' dir='ltr'>Memorat</span> <span class='ocrx_word' id='word_1_95' title='bbox 399 1382 495 1465; x_wconf 87' lang='lat' dir='ltr'>elegia</span> <span class='ocrx_word' id='word_1_96' title='bbox 516 1384 535 1442; x_wconf 85' lang='lat'><strong>6</strong></span> <span class='ocrx_word' id='word_1_97' title='bbox 561 1383 704 1466; x_wconf 83' lang='lat' dir='ltr'>inprimis</span> <span class='ocrx_word' id='word_1_98' title='bbox 729 1381 862 1444; x_wconf 85' lang='lat' dir='ltr'>Athenas</span> <span class='ocrx_word' id='word_1_99' title='bbox 885 1397 915 1443; x_wconf 90' lang='lat' dir='ltr'>et</span> <span class='ocrx_word' id='word_1_100' title='bbox 938 1385 1051 1444; x_wconf 90' lang='lat' dir='ltr'>Asiam.</span> <span class='ocrx_word' id='word_1_101' title='bbox 1074 1383 1181 1460; x_wconf 88' lang='lat' dir='ltr'>Quum</span> 
     </span>
     <span class='ocr_line' id='line_1_12' title="bbox 137 1478 1182 1564; baseline 0.005 -29"><span class='ocrx_word' id='word_1_102' title='bbox 137 1498 208 1538; x_wconf 83' lang='lat' dir='ltr'>vero</span> <span class='ocrx_word' id='word_1_103' title='bbox 227 1478 324 1561; x_wconf 87' lang='lat' dir='ltr'>elegia</span> <span class='ocrx_word' id='word_1_104' title='bbox 335 1482 448 1564; x_wconf 90' lang='lat' dir='ltr'>scripta</span> <span class='ocrx_word' id='word_1_105' title='bbox 458 1480 637 1542; x_wconf 89' lang='lat' dir='ltr'>essedebeat</span> <span class='ocrx_word' id='word_1_106' title='bbox 650 1482 843 1541; x_wconf 84' lang='lat' dir='ltr'>intraannos</span> <span class='ocrx_word' id='word_1_107' title='bbox 851 1480 884 1556; x_wconf 80' lang='lat'>5,</span> <span class='ocrx_word' id='word_1_108' title='bbox 894 1501 1005 1563; x_wconf 89' lang='lat' dir='ltr'>nempe</span> <span class='ocrx_word' id='word_1_109' title='bbox 1017 1480 1057 1540; x_wconf 90' lang='lat' dir='ltr'>ab</span> <span class='ocrx_word' id='word_1_110' title='bbox 1068 1480 1102 1538; x_wconf 86' lang='lat' dir='ltr'>A.</span> <span class='ocrx_word' id='word_1_111' title='bbox 1112 1500 1182 1560; x_wconf 79' lang='lat'>721,</span> 
     </span>
     <span class='ocr_line' id='line_1_13' title="bbox 137 1575 1183 1660; baseline 0.002 -26"><span class='ocrx_word' id='word_1_112' title='bbox 137 1595 198 1655; x_wconf 91' lang='lat' dir='ltr'>quo</span> <span class='ocrx_word' id='word_1_113' title='bbox 209 1575 317 1637; x_wconf 87' lang='lat' dir='ltr'>Tullus</span> <span class='ocrx_word' id='word_1_114' title='bbox 328 1578 424 1659; x_wconf 87' lang='lat' dir='ltr'>ipsius</span> <span class='ocrx_word' id='word_1_115' title='bbox 435 1588 564 1659; x_wconf 92' lang='lat' dir='ltr'>patruus</span> <span class='ocrx_word' id='word_1_116' title='bbox 580 1576 685 1638; x_wconf 91' lang='lat' dir='ltr'>consul</span> <span class='ocrx_word' id='word_1_117' title='bbox 703 1577 779 1654; x_wconf 82' lang='lat' dir='ltr'>fuit,</span> <span class='ocrx_word' id='word_1_118' title='bbox 800 1592 949 1660; x_wconf 91' lang='lat' dir='ltr'>computo</span> <span class='ocrx_word' id='word_1_119' title='bbox 964 1577 1122 1654; x_wconf 88' lang='lat' dir='ltr'>instituto,</span> <span class='ocrx_word' id='word_1_120' title='bbox 1142 1575 1183 1636; x_wconf 92' lang='lat' dir='ltr'>ad</span> 
     </span>
     <span class='ocr_line' id='line_1_14' title="bbox 137 1669 1183 1755; baseline 0.004 -26"><span class='ocrx_word' id='word_1_121' title='bbox 137 1672 168 1728; x_wconf 86' lang='lat' dir='ltr'>A.</span> <span class='ocrx_word' id='word_1_122' title='bbox 183 1673 221 1731; x_wconf 90' lang='lat' dir='ltr'>U.</span> <span class='ocrx_word' id='word_1_123' title='bbox 234 1669 309 1754; x_wconf 70' lang='lat'>724,</span> <span class='ocrx_word' id='word_1_124' title='bbox 321 1694 385 1755; x_wconf 90' lang='lat' dir='ltr'>quo</span> <span class='ocrx_word' id='word_1_125' title='bbox 399 1672 516 1733; x_wconf 88' lang='lat' dir='ltr'>librum</span> <span class='ocrx_word' id='word_1_126' title='bbox 531 1674 670 1755; x_wconf 89' lang='lat' dir='ltr'>primum</span> <span class='ocrx_word' id='word_1_127' title='bbox 686 1694 743 1735; x_wconf 91' lang='lat' dir='ltr'>nos</span> <span class='ocrx_word' id='word_1_128' title='bbox 757 1676 919 1735; x_wconf 79' lang='lat' dir='ltr'>statuimus</span> <span class='ocrx_word' id='word_1_129' title='bbox 935 1673 1069 1749; x_wconf 91' lang='lat' dir='ltr'>editum,</span> <span class='ocrx_word' id='word_1_130' title='bbox 1085 1674 1183 1733; x_wconf 82' lang='lat' dir='ltr'>exori·</span> 
     </span>
     <span class='ocr_line' id='line_1_15' title="bbox 138 1769 1182 1853; baseline 0.004 -27"><span class='ocrx_word' id='word_1_131' title='bbox 138 1781 185 1826; x_wconf 90' lang='lat' dir='ltr'>tur</span> <span class='ocrx_word' id='word_1_132' title='bbox 208 1771 353 1851; x_wconf 80' lang='lat' dir='ltr'>quaestio,</span> <span class='ocrx_word' id='word_1_133' title='bbox 378 1791 551 1853; x_wconf 87' lang='lat' dir='ltr'>quamnam</span> <span class='ocrx_word' id='word_1_134' title='bbox 576 1771 617 1831; x_wconf 91' lang='lat' dir='ltr'>ob</span> <span class='ocrx_word' id='word_1_135' title='bbox 644 1791 769 1831; x_wconf 87' lang='lat' dir='ltr'>causam</span> <span class='ocrx_word' id='word_1_136' title='bbox 776 1817 785 1848; x_wconf 94' lang='lat'>,</span> <span class='ocrx_word' id='word_1_137' title='bbox 808 1785 839 1832; x_wconf 92' lang='lat' dir='ltr'>et</span> <span class='ocrx_word' id='word_1_138' title='bbox 860 1773 909 1831; x_wconf 93' lang='lat' dir='ltr'>cui</span> <span class='ocrx_word' id='word_1_139' title='bbox 932 1771 1120 1831; x_wconf 87' lang='lat' dir='ltr'>Octavianus</span> <span class='ocrx_word' id='word_1_140' title='bbox 1142 1769 1182 1831; x_wconf 87' lang='lat' dir='ltr'>ad</span> 
     </span>
     <span class='ocr_line' id='line_1_16' title="bbox 137 1867 1182 1953; baseline 0.005 -29"><span class='ocrx_word' id='word_1_141' title='bbox 137 1869 256 1927; x_wconf 88' lang='lat' dir='ltr'>Actium</span> <span class='ocrx_word' id='word_1_142' title='bbox 274 1870 373 1930; x_wconf 83' lang='lat' dir='ltr'>uictor</span> <span class='ocrx_word' id='word_1_143' title='bbox 394 1870 550 1952; x_wconf 88' lang='lat' dir='ltr'>singulare</span> <span class='ocrx_word' id='word_1_144' title='bbox 575 1871 739 1953; x_wconf 88' lang='lat' dir='ltr'>imperium</span> <span class='ocrx_word' id='word_1_145' title='bbox 762 1872 793 1930; x_wconf 90' lang='lat' dir='ltr'>in</span> <span class='ocrx_word' id='word_1_146' title='bbox 815 1871 918 1931; x_wconf 85' lang='lat' dir='ltr'>Asiam</span> <span class='ocrx_word' id='word_1_147' title='bbox 941 1870 1075 1946; x_wconf 88' lang='lat' dir='ltr'>dederit,</span> <span class='ocrx_word' id='word_1_148' title='bbox 1095 1867 1182 1950; x_wconf 84' lang='lat' dir='ltr'>cujus</span> 
     </span>
     <span class='ocr_line' id='line_1_17' title="bbox 138 1965 1181 2050; baseline 0.004 -28"><span class='ocrx_word' id='word_1_149' title='bbox 138 1965 216 2025; x_wconf 87' lang='lat' dir='ltr'>inter</span> <span class='ocrx_word' id='word_1_150' title='bbox 232 1970 360 2027; x_wconf 87' lang='lat' dir='ltr'>comites</span> <span class='ocrx_word' id='word_1_151' title='bbox 377 1966 485 2028; x_wconf 86' lang='lat' dir='ltr'>Tullus</span> <span class='ocrx_word' id='word_1_152' title='bbox 501 1967 624 2049; x_wconf 88' lang='lat' dir='ltr'>juvenis</span> <span class='ocrx_word' id='word_1_153' title='bbox 642 1989 703 2030; x_wconf 83' lang='lat' dir='ltr'>esse</span> <span class='ocrx_word' id='word_1_154' title='bbox 723 1969 868 2050; x_wconf 90' lang='lat' dir='ltr'>potuerit.</span> <span class='ocrx_word' id='word_1_155' title='bbox 883 1970 971 2045; x_wconf 89' lang='lat' dir='ltr'>Jam,</span> <span class='ocrx_word' id='word_1_156' title='bbox 990 1988 1181 2050; x_wconf 91' lang='lat' dir='ltr'>quamquam</span> 
     </span>
     <span class='ocr_line' id='line_1_18' title="bbox 137 2059 1181 2149; baseline 0.003 -29"><span class='ocrx_word' id='word_1_157' title='bbox 137 2059 283 2125; x_wconf 85' lang='lat' dir='ltr'>libentius</span> <span class='ocrx_word' id='word_1_158' title='bbox 300 2065 340 2125; x_wconf 91' lang='lat' dir='ltr'>ab</span> <span class='ocrx_word' id='word_1_159' title='bbox 352 2065 420 2125; x_wconf 88' lang='lat' dir='ltr'>aliis</span> <span class='ocrx_word' id='word_1_160' title='bbox 434 2065 537 2126; x_wconf 90' lang='lat' dir='ltr'>doceri</span> <span class='ocrx_word' id='word_1_161' title='bbox 551 2066 615 2148; x_wconf 89' lang='lat' dir='ltr'>ipse</span> <span class='ocrx_word' id='word_1_162' title='bbox 630 2063 736 2140; x_wconf 86' lang='lat' dir='ltr'>velim,</span> <span class='ocrx_word' id='word_1_163' title='bbox 756 2079 875 2140; x_wconf 90' lang='lat' dir='ltr'>tamen,</span> <span class='ocrx_word' id='word_1_164' title='bbox 895 2085 993 2149; x_wconf 91' lang='lat' dir='ltr'>quum</span> <span class='ocrx_word' id='word_1_165' title='bbox 1007 2086 1054 2126; x_wconf 86' lang='lat' dir='ltr'>res</span> <span class='ocrx_word' id='word_1_166' title='bbox 1068 2062 1181 2125; x_wconf 90' lang='lat' dir='ltr'>borum</span> 
     </span>
     <span class='ocr_line' id='line_1_19' title="bbox 137 2159 1182 2244; baseline 0.002 -26"><span class='ocrx_word' id='word_1_167' title='bbox 137 2179 292 2220; x_wconf 89' lang='lat' dir='ltr'>annorum</span> <span class='ocrx_word' id='word_1_168' title='bbox 301 2162 558 2244; x_wconf 86' lang='lat' dir='ltr'>circumspicienti</span> <span class='ocrx_word' id='word_1_169' title='bbox 568 2183 633 2222; x_wconf 90' lang='lat' dir='ltr'>non</span> <span class='ocrx_word' id='word_1_170' title='bbox 644 2160 704 2222; x_wconf 89' lang='lat' dir='ltr'>alia</span> <span class='ocrx_word' id='word_1_171' title='bbox 718 2159 780 2222; x_wconf 88' lang='lat' dir='ltr'>buc</span> <span class='ocrx_word' id='word_1_172' title='bbox 789 2159 905 2222; x_wconf 83' lang='lat' dir='ltr'>faciens</span> <span class='ocrx_word' id='word_1_173' title='bbox 919 2173 1076 2236; x_wconf 87' lang='lat' dir='ltr'>occurrat,</span> <span class='ocrx_word' id='word_1_174' title='bbox 1088 2181 1182 2243; x_wconf 87' lang='lat' dir='ltr'>quam</span> 
     </span>
     <span class='ocr_line' id='line_1_20' title="bbox 138 2258 1184 2342; baseline 0.004 -28"><span class='ocrx_word' id='word_1_175' title='bbox 138 2258 233 2318; x_wconf 84' lang='lat' dir='ltr'>turbae</span> <span class='ocrx_word' id='word_1_176' title='bbox 249 2259 309 2320; x_wconf 84' lang='lat' dir='ltr'>illae</span> <span class='ocrx_word' id='word_1_177' title='bbox 322 2259 528 2340; x_wconf 72' lang='lat' dir='ltr'>gladiatoriae,</span> <span class='ocrx_word' id='word_1_178' title='bbox 542 2259 582 2320; x_wconf 91' lang='lat' dir='ltr'>ad</span> <span class='ocrx_word' id='word_1_179' title='bbox 593 2281 670 2342; x_wconf 91' lang='lat' dir='ltr'>quas</span> <span class='ocrx_word' id='word_1_180' title='bbox 681 2258 913 2342; x_wconf 89' lang='lat' dir='ltr'>componendas</span> <span class='ocrx_word' id='word_1_181' title='bbox 927 2261 1029 2320; x_wconf 76' lang='lat' dir='ltr'>Caesar</span> <span class='ocrx_word' id='word_1_182' title='bbox 1045 2259 1184 2319; x_wconf 85' lang='lat' dir='ltr'>Octavia·</span> 
     </span>
    </p>
   </div>
   <div class='ocr_carea' id='block_1_3' title="bbox 138 2353 1289 2436">
    <p class='ocr_par' dir='ltr' id='par_1_3' title="bbox 138 2353 1289 2436">
     <span class='ocr_line' id='line_1_21' title="bbox 138 2353 1289 2436; baseline 0.003 -25"><span class='ocrx_word' id='word_1_183' title='bbox 138 2373 193 2413; x_wconf 86' lang='lat' dir='ltr'>nus</span> <span class='ocrx_word' id='word_1_184' title='bbox 204 2354 365 2414; x_wconf 87' lang='lat' dir='ltr'>Messalam</span> <span class='ocrx_word' id='word_1_185' title='bbox 377 2357 411 2416; x_wconf 92' lang='lat' dir='ltr'>A.</span> <span class='ocrx_word' id='word_1_186' title='bbox 424 2356 462 2416; x_wconf 90' lang='lat' dir='ltr'>U.</span> <span class='ocrx_word' id='word_1_187' title='bbox 476 2353 535 2436; x_wconf 69' lang='lat'>724</span> <span class='ocrx_word' id='word_1_188' title='bbox 546 2357 643 2431; x_wconf 89' lang='lat' dir='ltr'>misit,</span> <span class='ocrx_word' id='word_1_189' title='bbox 653 2377 720 2417; x_wconf 91' lang='lat' dir='ltr'>non</span> <span class='ocrx_word' id='word_1_190' title='bbox 732 2355 911 2418; x_wconf 89' lang='lat' dir='ltr'>dubitamus</span> <span class='ocrx_word' id='word_1_191' title='bbox 922 2377 972 2417; x_wconf 87' lang='lat' dir='ltr'>eas</span> <span class='ocrx_word' id='word_1_192' title='bbox 983 2357 1111 2418; x_wconf 90' lang='lat' dir='ltr'>eDione</span> <span class='ocrx_word' id='word_1_193' title='bbox 1122 2354 1182 2416; x_wconf 88' lang='lat' dir='ltr'>loc.</span> <span class='ocrx_word' id='word_1_194' title='bbox 1284 2400 1289 2415; x_wconf 85' lang='lat'>.</span> 
     </span>
    </p>
   </div>
   <div class='ocr_carea' id='block_1_4' title="bbox 136 2451 1184 2833">
    <p class='ocr_par' dir='ltr' id='par_1_4' title="bbox 136 2451 1184 2833">
     <span class='ocr_line' id='line_1_22' title="bbox 136 2451 1182 2537; baseline 0.002 -26"><span class='ocrx_word' id='word_1_195' title='bbox 136 2452 183 2512; x_wconf 87' lang='lat' dir='ltr'>cit.</span> <span class='ocrx_word' id='word_1_196' title='bbox 200 2451 335 2514; x_wconf 86' lang='lat' dir='ltr'>breviter</span> <span class='ocrx_word' id='word_1_197' title='bbox 348 2475 601 2529; x_wconf 88' lang='lat' dir='ltr'>commemorare,</span> <span class='ocrx_word' id='word_1_198' title='bbox 621 2456 646 2515; x_wconf 88' lang='lat' dir='ltr'>si</span> <span class='ocrx_word' id='word_1_199' title='bbox 664 2454 744 2515; x_wconf 81' lang='lat' dir='ltr'>forte</span> <span class='ocrx_word' id='word_1_200' title='bbox 762 2454 936 2536; x_wconf 88' lang='lat' dir='ltr'>conjectura</span> <span class='ocrx_word' id='word_1_201' title='bbox 957 2468 1063 2516; x_wconf 88' lang='lat' dir='ltr'>nostra</span> <span class='ocrx_word' id='word_1_202' title='bbox 1079 2455 1182 2537; x_wconf 89' lang='lat' dir='ltr'>peritis</span> 
     </span>
     <span class='ocr_line' id='line_1_23' title="bbox 136 2550 1182 2632; baseline 0.003 -24"><span class='ocrx_word' id='word_1_203' title='bbox 136 2564 164 2608; x_wconf 93' lang='lat' dir='ltr'>et</span> <span class='ocrx_word' id='word_1_204' title='bbox 178 2552 276 2632; x_wconf 76' lang='lat' dir='ltr'>aequis</span> <span class='ocrx_word' id='word_1_205' title='bbox 290 2550 402 2612; x_wconf 90' lang='lat' dir='ltr'>harum</span> <span class='ocrx_word' id='word_1_206' title='bbox 413 2573 517 2612; x_wconf 89' lang='lat' dir='ltr'>rerum</span> <span class='ocrx_word' id='word_1_207' title='bbox 535 2552 660 2616; x_wconf 88' lang='lat' dir='ltr'>arbitris</span> <span class='ocrx_word' id='word_1_208' title='bbox 676 2552 826 2613; x_wconf 90' lang='lat' dir='ltr'>adrideat.</span> <span class='ocrx_word' id='word_1_209' title='bbox 845 2553 998 2614; x_wconf 88' lang='lat' dir='ltr'>Antonius</span> <span class='ocrx_word' id='word_1_210' title='bbox 1014 2552 1182 2626; x_wconf 88' lang='lat' dir='ltr'>nimirum,</span> 
     </span>
     <span class='ocr_line' id='line_1_24' title="bbox 136 2650 1183 2734; baseline 0.002 -27"><span class='ocrx_word' id='word_1_211' title='bbox 136 2651 272 2712; x_wconf 82' lang='lat' dir='ltr'>victoriae</span> <span class='ocrx_word' id='word_1_212' title='bbox 292 2672 354 2711; x_wconf 83' lang='lat' dir='ltr'>suae</span> <span class='ocrx_word' id='word_1_213' title='bbox 370 2650 409 2712; x_wconf 91' lang='lat' dir='ltr'>de</span> <span class='ocrx_word' id='word_1_214' title='bbox 424 2654 543 2713; x_wconf 78' lang='lat' dir='ltr'>Caesare</span> <span class='ocrx_word' id='word_1_215' title='bbox 562 2652 762 2734; x_wconf 72' lang='lat' dir='ltr'>deportandae</span> <span class='ocrx_word' id='word_1_216' title='bbox 781 2665 903 2728; x_wconf 87' lang='lat' dir='ltr'>certus,</span> <span class='ocrx_word' id='word_1_217' title='bbox 916 2652 956 2713; x_wconf 87' lang='lat' dir='ltr'>ad</span> <span class='ocrx_word' id='word_1_218' title='bbox 969 2651 1060 2712; x_wconf 90' lang='lat' dir='ltr'>ludos</span> <span class='ocrx_word' id='word_1_219' title='bbox 1074 2651 1183 2724; x_wconf 74' lang='lat' dir='ltr'>trium·</span> 
     </span>
     <span class='ocr_line' id='line_1_25' title="bbox 136 2747 1184 2833; baseline 0 -25"><span class='ocrx_word' id='word_1_220' title='bbox 136 2747 257 2829; x_wconf 84' lang='lat' dir='ltr'>phales,</span> <span class='ocrx_word' id='word_1_221' title='bbox 276 2771 352 2831; x_wconf 89' lang='lat' dir='ltr'>quos</span> <span class='ocrx_word' id='word_1_222' title='bbox 365 2771 396 2810; x_wconf 92' lang='lat' dir='ltr'>se</span> <span class='ocrx_word' id='word_1_223' title='bbox 421 2748 577 2811; x_wconf 88' lang='lat' dir='ltr'>facturum</span> <span class='ocrx_word' id='word_1_224' title='bbox 588 2751 747 2833; x_wconf 83' lang='lat' dir='ltr'>sperabat,</span> <span class='ocrx_word' id='word_1_225' title='bbox 760 2752 863 2833; x_wconf 82' lang='lat' dir='ltr'>Cyzici</span> <span class='ocrx_word' id='word_1_226' title='bbox 874 2771 1020 2832; x_wconf 89' lang='lat' dir='ltr'>magnam</span> <span class='ocrx_word' id='word_1_227' title='bbox 1034 2748 1184 2830; x_wconf 88' lang='lat' dir='ltr'>gladiato·</span> 
     </span>
    </p>
   </div>
   <div class='ocr_carea' id='block_1_5' title="bbox 134 2846 1184 4102">
    <p class='ocr_par' dir='ltr' id='par_1_5' title="bbox 134 2846 1184 4102">
     <span class='ocr_line' id='line_1_26' title="bbox 136 2846 1182 2931; baseline 0 -26"><span class='ocrx_word' id='word_1_228' title='bbox 136 2865 204 2905; x_wconf 91' lang='lat' dir='ltr'>mm</span> <span class='ocrx_word' id='word_1_229' title='bbox 225 2867 355 2919; x_wconf 87' lang='lat' dir='ltr'>manum</span> <span class='ocrx_word' id='word_1_230' title='bbox 374 2846 509 2924; x_wconf 88' lang='lat' dir='ltr'>aluerat,</span> <span class='ocrx_word' id='word_1_231' title='bbox 523 2847 783 2931; x_wconf 83' lang='lat' dir='ltr'>exercendamque</span> <span class='ocrx_word' id='word_1_232' title='bbox 797 2863 965 2910; x_wconf 84' lang='lat' dir='ltr'>curaverat.</span> <span class='ocrx_word' id='word_1_233' title='bbox 979 2850 1182 2929; x_wconf 87' lang='lat' dir='ltr'>Posteaquam</span> 
     </span>
     <span class='ocr_line' id='line_1_27' title="bbox 136 2942 1182 3030; baseline 0.004 -31"><span class='ocrx_word' id='word_1_234' title='bbox 136 2942 230 3022; x_wconf 89' lang='lat' dir='ltr'>igitur</span> <span class='ocrx_word' id='word_1_235' title='bbox 243 2943 293 3003; x_wconf 89' lang='lat' dir='ltr'>isti</span> <span class='ocrx_word' id='word_1_236' title='bbox 307 2942 450 3006; x_wconf 88' lang='lat' dir='ltr'>homines</span> <span class='ocrx_word' id='word_1_237' title='bbox 469 2960 642 3027; x_wconf 74' lang='lat' dir='ltr'>cognorant</span> <span class='ocrx_word' id='word_1_238' title='bbox 654 2947 840 3021; x_wconf 90' lang='lat' dir='ltr'>Antonium,</span> <span class='ocrx_word' id='word_1_239' title='bbox 862 2946 945 3030; x_wconf 93' lang='lat' dir='ltr'>apud</span> <span class='ocrx_word' id='word_1_240' title='bbox 957 2945 1082 3006; x_wconf 88' lang='lat' dir='ltr'>Actium</span> <span class='ocrx_word' id='word_1_241' title='bbox 1092 2942 1182 3025; x_wconf 86' lang='lat' dir='ltr'>fuga·</span> 
     </span>
     <span class='ocr_line' id='line_1_28' title="bbox 134 3040 1183 3126; baseline -0.001 -26"><span class='ocrx_word' id='word_1_242' title='bbox 134 3052 201 3100; x_wconf 89' lang='lat' dir='ltr'>tum</span> <span class='ocrx_word' id='word_1_243' title='bbox 211 3085 221 3115; x_wconf 97' lang='lat'>,</span> <span class='ocrx_word' id='word_1_244' title='bbox 231 3040 346 3102; x_wconf 91' lang='lat' dir='ltr'>deinde</span> <span class='ocrx_word' id='word_1_245' title='bbox 362 3043 396 3102; x_wconf 90' lang='lat' dir='ltr'>in</span> <span class='ocrx_word' id='word_1_246' title='bbox 412 3044 578 3126; x_wconf 78' lang='lat' dir='ltr'>AEgyptum</span> <span class='ocrx_word' id='word_1_247' title='bbox 591 3043 780 3125; x_wconf 78' lang='lat' dir='ltr'>confugisse,</span> <span class='ocrx_word' id='word_1_248' title='bbox 797 3045 836 3104; x_wconf 91' lang='lat' dir='ltr'>ad</span> <span class='ocrx_word' id='word_1_249' title='bbox 847 3043 1012 3104; x_wconf 84' lang='lat' dir='ltr'>ferendum</span> <span class='ocrx_word' id='word_1_250' title='bbox 1026 3043 1085 3124; x_wconf 93' lang='lat' dir='ltr'>ipsi</span> <span class='ocrx_word' id='word_1_251' title='bbox 1098 3041 1183 3100; x_wconf 83' lang='lat' dir='ltr'>auri·</span> 
     </span>
     <span class='ocr_line' id='line_1_29' title="bbox 135 3134 1184 3223; baseline 0.001 -27"><span class='ocrx_word' id='word_1_252' title='bbox 135 3134 211 3197; x_wconf 91' lang='lat' dir='ltr'>lium</span> <span class='ocrx_word' id='word_1_253' title='bbox 225 3139 284 3198; x_wconf 92' lang='lat' dir='ltr'>iter</span> <span class='ocrx_word' id='word_1_254' title='bbox 296 3156 510 3223; x_wconf 88' lang='lat' dir='ltr'>susceperant,</span> <span class='ocrx_word' id='word_1_255' title='bbox 524 3163 559 3203; x_wconf 91' lang='lat' dir='ltr'>ac</span> <span class='ocrx_word' id='word_1_256' title='bbox 571 3143 662 3202; x_wconf 84' lang='lat' dir='ltr'>variis</span> <span class='ocrx_word' id='word_1_257' title='bbox 674 3143 772 3203; x_wconf 90' lang='lat' dir='ltr'>turbis</span> <span class='ocrx_word' id='word_1_258' title='bbox 787 3165 841 3223; x_wconf 90' lang='lat' dir='ltr'>per</span> <span class='ocrx_word' id='word_1_259' title='bbox 854 3144 954 3201; x_wconf 89' lang='lat' dir='ltr'>varias</span> <span class='ocrx_word' id='word_1_260' title='bbox 964 3143 1040 3200; x_wconf 83' lang='lat' dir='ltr'>Asiae</span> <span class='ocrx_word' id='word_1_261' title='bbox 1057 3139 1184 3220; x_wconf 88' lang='lat' dir='ltr'>provin·</span> 
     </span>
     <span class='ocr_line' id='line_1_30' title="bbox 135 3233 1184 3314; baseline 0.001 -23"><span class='ocrx_word' id='word_1_262' title='bbox 135 3233 213 3309; x_wconf 88' lang='lat' dir='ltr'>cias,</span> <span class='ocrx_word' id='word_1_263' title='bbox 243 3235 400 3296; x_wconf 89' lang='lat' dir='ltr'>Galatiam</span> <span class='ocrx_word' id='word_1_264' title='bbox 427 3240 559 3298; x_wconf 80' lang='lat' dir='ltr'>maxime</span> <span class='ocrx_word' id='word_1_265' title='bbox 586 3253 616 3299; x_wconf 90' lang='lat' dir='ltr'>et</span> <span class='ocrx_word' id='word_1_266' title='bbox 638 3239 800 3314; x_wconf 90' lang='lat' dir='ltr'>Ciliciam,</span> <span class='ocrx_word' id='word_1_267' title='bbox 823 3238 979 3313; x_wconf 82' lang='lat' dir='ltr'>excitatis,</span> <span class='ocrx_word' id='word_1_268' title='bbox 1000 3235 1127 3296; x_wconf 90' lang='lat' dir='ltr'>tandem</span> <span class='ocrx_word' id='word_1_269' title='bbox 1150 3235 1184 3293; x_wconf 89' lang='lat' dir='ltr'>in</span> 
     </span>
     <span class='ocr_line' id='line_1_31' title="bbox 135 3332 1183 3420; baseline 0.002 -30"><span class='ocrx_word' id='word_1_270' title='bbox 135 3332 254 3412; x_wconf 79' lang='lat' dir='ltr'>Syriam</span> <span class='ocrx_word' id='word_1_271' title='bbox 270 3348 502 3410; x_wconf 88' lang='lat' dir='ltr'>concesserant,</span> <span class='ocrx_word' id='word_1_272' title='bbox 521 3338 576 3398; x_wconf 86' lang='lat' dir='ltr'>ubi</span> <span class='ocrx_word' id='word_1_273' title='bbox 600 3338 638 3415; x_wconf 89' lang='lat' dir='ltr'>Q.</span> <span class='ocrx_word' id='word_1_274' title='bbox 663 3338 757 3399; x_wconf 89' lang='lat' dir='ltr'>Didio</span> <span class='ocrx_word' id='word_1_275' title='bbox 778 3338 872 3420; x_wconf 79' lang='lat' dir='ltr'>Syria</span> <span class='ocrx_word' id='word_1_276' title='bbox 895 3336 1040 3419; x_wconf 76' lang='lat' dir='ltr'>praefecto</span> <span class='ocrx_word' id='word_1_277' title='bbox 1065 3355 1099 3394; x_wconf 91' lang='lat' dir='ltr'>ea</span> <span class='ocrx_word' id='word_1_278' title='bbox 1120 3353 1183 3392; x_wconf 90' lang='lat' dir='ltr'>sese</span> 
     </span>
     <span class='ocr_line' id='line_1_32' title="bbox 135 3421 1183 3519; baseline 0.002 -31"><span class='ocrx_word' id='word_1_279' title='bbox 135 3428 318 3491; x_wconf 87' lang='lat' dir='ltr'>dediderant</span> <span class='ocrx_word' id='word_1_280' title='bbox 326 3434 523 3511; x_wconf 89' lang='lat' dir='ltr'>conditione,</span> <span class='ocrx_word' id='word_1_281' title='bbox 535 3451 570 3496; x_wconf 91' lang='lat' dir='ltr'>ut</span> <span class='ocrx_word' id='word_1_282' title='bbox 581 3458 621 3497; x_wconf 89' lang='lat' dir='ltr'>ne</span> <span class='ocrx_word' id='word_1_283' title='bbox 631 3421 817 3518; x_wconf 87' lang='lat' dir='ltr'>gladiatores</span> <span class='ocrx_word' id='word_1_284' title='bbox 826 3435 954 3519; x_wconf 89' lang='lat' dir='ltr'>posthac</span> <span class='ocrx_word' id='word_1_285' title='bbox 964 3445 1077 3506; x_wconf 90' lang='lat' dir='ltr'>essent,</span> <span class='ocrx_word' id='word_1_286' title='bbox 1087 3443 1183 3512; x_wconf 90' lang='lat' dir='ltr'>utque</span> 
     </span>
     <span class='ocr_line' id='line_1_33' title="bbox 135 3525 1182 3609; baseline 0.001 -24"><span class='ocrx_word' id='word_1_287' title='bbox 135 3525 290 3609; x_wconf 85' lang='lat' dir='ltr'>Daphnen</span> <span class='ocrx_word' id='word_1_288' title='bbox 305 3531 478 3592; x_wconf 77' lang='lat' dir='ltr'>Antiochia</span> <span class='ocrx_word' id='word_1_289' title='bbox 491 3532 676 3594; x_wconf 87' lang='lat' dir='ltr'>suburbium</span> <span class='ocrx_word' id='word_1_290' title='bbox 696 3535 740 3593; x_wconf 89' lang='lat' dir='ltr'>eis</span> <span class='ocrx_word' id='word_1_291' title='bbox 759 3532 967 3593; x_wconf 88' lang='lat' dir='ltr'>habitandum</span> <span class='ocrx_word' id='word_1_292' title='bbox 986 3527 1182 3602; x_wconf 87' lang='lat' dir='ltr'>concederet,</span> 
     </span>
     <span class='ocr_line' id='line_1_34' title="bbox 136 3621 1183 3710; baseline 0 -29"><span class='ocrx_word' id='word_1_293' title='bbox 136 3621 235 3684; x_wconf 84' lang='lat' dir='ltr'>donec</span> <span class='ocrx_word' id='word_1_294' title='bbox 256 3625 367 3686; x_wconf 74' lang='lat' dir='ltr'>Caesari</span> <span class='ocrx_word' id='word_1_295' title='bbox 390 3648 426 3687; x_wconf 90' lang='lat' dir='ltr'>ea</span> <span class='ocrx_word' id='word_1_296' title='bbox 448 3649 495 3689; x_wconf 90' lang='lat' dir='ltr'>res</span> <span class='ocrx_word' id='word_1_297' title='bbox 516 3629 750 3710; x_wconf 86' lang='lat' dir='ltr'>significaretur.</span> <span class='ocrx_word' id='word_1_298' title='bbox 775 3631 817 3689; x_wconf 88' lang='lat' dir='ltr'>lli</span> <span class='ocrx_word' id='word_1_299' title='bbox 836 3628 963 3710; x_wconf 88' lang='lat' dir='ltr'>quidem</span> <span class='ocrx_word' id='word_1_300' title='bbox 981 3624 1183 3707; x_wconf 85' lang='lat' dir='ltr'>gladiatores,</span> 
     </span>
     <span class='ocr_line' id='line_1_35' title="bbox 136 3717 1183 3808; baseline 0.001 -31"><span class='ocrx_word' id='word_1_301' title='bbox 136 3717 222 3780; x_wconf 91' lang='lat' dir='ltr'>addit</span> <span class='ocrx_word' id='word_1_302' title='bbox 244 3723 322 3797; x_wconf 92' lang='lat' dir='ltr'>Dio,</span> <span class='ocrx_word' id='word_1_303' title='bbox 341 3736 446 3806; x_wconf 86' lang='lat' dir='ltr'>postea</span> <span class='ocrx_word' id='word_1_304' title='bbox 467 3747 485 3785; x_wconf 93' lang='lat' dir='ltr'>a</span> <span class='ocrx_word' id='word_1_305' title='bbox 503 3726 632 3787; x_wconf 86' lang='lat' dir='ltr'>Messala</span> <span class='ocrx_word' id='word_1_306' title='bbox 648 3726 783 3808; x_wconf 89' lang='lat' dir='ltr'>decepti,</span> <span class='ocrx_word' id='word_1_307' title='bbox 803 3725 855 3785; x_wconf 86' lang='lat' dir='ltr'>alii</span> <span class='ocrx_word' id='word_1_308' title='bbox 871 3725 934 3784; x_wconf 86' lang='lat' dir='ltr'>alio</span> <span class='ocrx_word' id='word_1_309' title='bbox 948 3721 1081 3796; x_wconf 87' lang='lat' dir='ltr'>dimissi,</span> <span class='ocrx_word' id='word_1_310' title='bbox 1096 3720 1183 3801; x_wconf 88' lang='lat' dir='ltr'>quasi</span> 
     </span>
     <span class='ocr_line' id='line_1_36' title="bbox 136 3816 1181 3907; baseline -0.002 -30"><span class='ocrx_word' id='word_1_311' title='bbox 136 3816 313 3899; x_wconf 88' lang='lat' dir='ltr'>legionibus</span> <span class='ocrx_word' id='word_1_312' title='bbox 334 3822 547 3899; x_wconf 88' lang='lat' dir='ltr'>adscribendi,</span> <span class='ocrx_word' id='word_1_313' title='bbox 568 3845 602 3885; x_wconf 93' lang='lat' dir='ltr'>ac</span> <span class='ocrx_word' id='word_1_314' title='bbox 624 3845 680 3907; x_wconf 91' lang='lat' dir='ltr'>per</span> <span class='ocrx_word' id='word_1_315' title='bbox 706 3825 896 3884; x_wconf 91' lang='lat' dir='ltr'>occasionem</span> <span class='ocrx_word' id='word_1_316' title='bbox 925 3820 1078 3882; x_wconf 82' lang='lat' dir='ltr'>interfecti</span> <span class='ocrx_word' id='word_1_317' title='bbox 1099 3830 1181 3879; x_wconf 88' lang='lat' dir='ltr'>sunt.</span> 
     </span>
     <span class='ocr_line' id='line_1_37' title="bbox 137 3914 1184 4003; baseline -0.001 -31"><span class='ocrx_word' id='word_1_318' title='bbox 137 3914 221 3989; x_wconf 88' lang='lat' dir='ltr'>Jam,</span> <span class='ocrx_word' id='word_1_319' title='bbox 241 3918 297 3975; x_wconf 85' lang='lat' dir='ltr'>etsi</span> <span class='ocrx_word' id='word_1_320' title='bbox 315 3918 443 3980; x_wconf 88' lang='lat' dir='ltr'>Messala</span> <span class='ocrx_word' id='word_1_321' title='bbox 463 3933 531 3980; x_wconf 91' lang='lat' dir='ltr'>tum</span> <span class='ocrx_word' id='word_1_322' title='bbox 551 3922 697 4003; x_wconf 87' lang='lat' dir='ltr'>temporis</span> <span class='ocrx_word' id='word_1_323' title='bbox 709 3940 775 3980; x_wconf 90' lang='lat' dir='ltr'>non</span> <span class='ocrx_word' id='word_1_324' title='bbox 794 3921 858 4002; x_wconf 89' lang='lat' dir='ltr'>ipse</span> <span class='ocrx_word' id='word_1_325' title='bbox 872 3921 980 3979; x_wconf 83' lang='lat' dir='ltr'>Romae</span> <span class='ocrx_word' id='word_1_326' title='bbox 997 3915 1070 3991; x_wconf 83' lang='lat' dir='ltr'>fuit,</span> <span class='ocrx_word' id='word_1_327' title='bbox 1083 3915 1184 3996; x_wconf 90' lang='lat' dir='ltr'>potuit</span> 
     </span>
     <span class='ocr_line' id='line_1_38' title="bbox 139 4018 1181 4102; baseline 0.002 -31"><span class='ocrx_word' id='word_1_328' title='bbox 139 4025 241 4074; x_wconf 88' lang='lat' dir='ltr'>tamen</span> <span class='ocrx_word' id='word_1_329' title='bbox 253 4036 289 4074; x_wconf 90' lang='lat' dir='ltr'>ea</span> <span class='ocrx_word' id='word_1_330' title='bbox 307 4036 354 4076; x_wconf 91' lang='lat' dir='ltr'>res</span> <span class='ocrx_word' id='word_1_331' title='bbox 370 4018 414 4078; x_wconf 91' lang='lat' dir='ltr'>ibi</span> <span class='ocrx_word' id='word_1_332' title='bbox 430 4032 502 4079; x_wconf 88' lang='lat' dir='ltr'>nota</span> <span class='ocrx_word' id='word_1_333' title='bbox 515 4020 594 4094; x_wconf 87' lang='lat' dir='ltr'>lieri,</span> <span class='ocrx_word' id='word_1_334' title='bbox 609 4032 639 4079; x_wconf 91' lang='lat' dir='ltr'>et</span> <span class='ocrx_word' id='word_1_335' title='bbox 655 4032 723 4102; x_wconf 90' lang='lat' dir='ltr'>post</span> <span class='ocrx_word' id='word_1_336' title='bbox 738 4040 878 4102; x_wconf 89' lang='lat' dir='ltr'>pugnam</span> <span class='ocrx_word' id='word_1_337' title='bbox 896 4019 1065 4089; x_wconf 90' lang='lat' dir='ltr'>Actiacam,</span> <span class='ocrx_word' id='word_1_338' title='bbox 1083 4032 1181 4094; x_wconf 90' lang='lat' dir='ltr'>quum</span> 
     </span>
    </p>
   </div>
   <div class='ocr_carea' id='block_1_6' title="bbox 0 0 1328 4792">
    <p class='ocr_par' dir='ltr' id='par_1_6' title="bbox 0 0 1328 4792">
     <span class='ocr_line' id='line_1_39' title="bbox 0 0 1328 4792; baseline 0 0"><span class='ocrx_word' id='word_1_339' title='bbox 0 0 1328 4792; x_wconf 95' lang='lat' dir='ltr'> </span> 
     </span>
    </p>
   </div>
  </div>
 </body>
</html>
