<?xml version="1.0" encoding="UTF-8"?>
<!DOCTYPE html PUBLIC "-//W3C//DTD XHTML 1.0 Transitional//EN"
    "http://www.w3.org/TR/xhtml1/DTD/xhtml1-transitional.dtd">
<html xmlns="http://www.w3.org/1999/xhtml" xml:lang="en" lang="en">
 <head>
  <title>
</title>
<meta http-equiv="Content-Type" content="text/html;charset=utf-8" />
  <meta name='ocr-system' content='tesseract 3.04.00' />
  <meta name='ocr-capabilities' content='ocr_page ocr_carea ocr_par ocr_line ocrx_word'/>
</head>
<body>
  <div class='ocr_page' id='page_1' title='image "bibliothecaclas37lemagoog_0063.png"; bbox 0 0 2648 4792; ppageno 0'>
   <div class='ocr_carea' id='block_1_1' title="bbox 158 314 879 447">
    <p class='ocr_par' dir='ltr' id='par_1_1' title="bbox 158 314 879 447">
     <span class='ocr_line' id='line_1_1' title="bbox 158 314 879 447; baseline 0 -26"><span class='ocrx_word' id='word_1_1' title='bbox 158 358 200 425; x_wconf 83' lang='lat'>50</span> <span class='ocrx_word' id='word_1_2' title='bbox 452 314 712 447; x_wconf 73' lang='lat' dir='ltr'>unopunru</span> <span class='ocrx_word' id='word_1_3' title='bbox 738 352 825 420; x_wconf 74' lang='lat' dir='ltr'>utu.</span> <span class='ocrx_word' id='word_1_4' title='bbox 852 356 879 421; x_wconf 88' lang='lat'>1.</span> 
     </span>
    </p>
   </div>
   <div class='ocr_carea' id='block_1_2' title="bbox 192 484 1197 1468">
    <p class='ocr_par' dir='ltr' id='par_1_2' title="bbox 192 484 1197 1468">
     <span class='ocr_line' id='line_1_2' title="bbox 201 484 1097 580; baseline 0.001 -28"><span class='ocrx_word' id='word_1_5' title='bbox 201 492 275 553; x_wconf 88' lang='lat' dir='ltr'>Non</span> <span class='ocrx_word' id='word_1_6' title='bbox 290 502 401 554; x_wconf 82' lang='lat' dir='ltr'>tamen</span> <span class='ocrx_word' id='word_1_7' title='bbox 413 510 516 552; x_wconf 83' lang='lat' dir='ltr'>ausus</span> <span class='ocrx_word' id='word_1_8' title='bbox 528 508 619 553; x_wconf 82' lang='lat' dir='ltr'>eram</span> <span class='ocrx_word' id='word_1_9' title='bbox 631 484 776 551; x_wconf 85' lang='lat' dir='ltr'>dominae</span> <span class='ocrx_word' id='word_1_10' title='bbox 788 484 924 551; x_wconf 80' lang='lat' dir='ltr'>turbare</span> <span class='ocrx_word' id='word_1_11' title='bbox 935 489 1097 580; x_wconf 83' lang='lat' dir='ltr'>quietem,</span> 
     </span>
     <span class='ocr_line' id='line_1_3' title="bbox 246 593 846 688; baseline 0 -25"><span class='ocrx_word' id='word_1_12' title='bbox 246 602 399 688; x_wconf 72' lang='lat' dir='ltr'>Expertae</span> <span class='ocrx_word' id='word_1_13' title='bbox 410 614 564 663; x_wconf 87' lang='lat' dir='ltr'>metuens</span> <span class='ocrx_word' id='word_1_14' title='bbox 572 593 682 688; x_wconf 76' lang='lat' dir='ltr'>jurgia</span> <span class='ocrx_word' id='word_1_15' title='bbox 695 598 846 663; x_wconf 82' lang='lat' dir='ltr'>saevitiae:</span> 
     </span>
     <span class='ocr_line' id='line_1_4' title="bbox 198 707 889 791; baseline 0.003 -17"><span class='ocrx_word' id='word_1_16' title='bbox 198 708 261 775; x_wconf 85' lang='lat' dir='ltr'>Sed</span> <span class='ocrx_word' id='word_1_17' title='bbox 273 712 321 776; x_wconf 87' lang='lat' dir='ltr'>sic</span> <span class='ocrx_word' id='word_1_18' title='bbox 334 711 470 776; x_wconf 86' lang='lat' dir='ltr'>intentis</span> <span class='ocrx_word' id='word_1_19' title='bbox 483 707 650 777; x_wconf 82' lang='lat' dir='ltr'>haercham</span> <span class='ocrx_word' id='word_1_20' title='bbox 663 708 749 776; x_wconf 80' lang='lat' dir='ltr'>fixus</span> <span class='ocrx_word' id='word_1_21' title='bbox 761 707 889 791; x_wconf 82' lang='lat' dir='ltr'><strong>ocellis,</strong></span> 
     </span>
     <span class='ocr_line' id='line_1_5' title="bbox 244 817 1197 911; baseline 0.002 -26"><span class='ocrx_word' id='word_1_22' title='bbox 244 826 351 910; x_wconf 78' lang='lat' dir='ltr'>Argus</span> <span class='ocrx_word' id='word_1_23' title='bbox 363 836 401 885; x_wconf 90' lang='lat' dir='ltr'>ut</span> <span class='ocrx_word' id='word_1_24' title='bbox 412 821 533 911; x_wconf 80' lang='lat' dir='ltr'>ignotis</span> <span class='ocrx_word' id='word_1_25' title='bbox 545 817 705 885; x_wconf 87' lang='lat' dir='ltr'>cornibus</span> <span class='ocrx_word' id='word_1_26' title='bbox 717 817 905 886; x_wconf 87' lang='lat' dir='ltr'>Inachidos.</span> <span class='ocrx_word' id='word_1_27' title='bbox 1165 854 1197 887; x_wconf 59' lang='grc' dir='ltr'>ιο</span> 
     </span>
     <span class='ocr_line' id='line_1_6' title="bbox 197 929 1009 1015; baseline 0.002 -19"><span class='ocrx_word' id='word_1_28' title='bbox 197 935 237 997; x_wconf 85' lang='lat' dir='ltr'>Et</span> <span class='ocrx_word' id='word_1_29' title='bbox 250 929 351 998; x_wconf 91' lang='lat' dir='ltr'>modo</span> <span class='ocrx_word' id='word_1_30' title='bbox 363 930 535 998; x_wconf 79' lang='lat' dir='ltr'><strong>solvebam</strong></span> <span class='ocrx_word' id='word_1_31' title='bbox 546 945 659 997; x_wconf 85' lang='lat' dir='ltr'>nostra</span> <span class='ocrx_word' id='word_1_32' title='bbox 673 930 715 996; x_wconf 93' lang='lat' dir='ltr'>de</span> <span class='ocrx_word' id='word_1_33' title='bbox 728 930 838 998; x_wconf 86' lang='lat' dir='ltr'>fronte</span> <span class='ocrx_word' id='word_1_34' title='bbox 848 930 1009 1015; x_wconf 81' lang='lat' dir='ltr'>corollas,</span> 
     </span>
     <span class='ocr_line' id='line_1_7' title="bbox 243 1040 985 1135; baseline 0.001 -28"><span class='ocrx_word' id='word_1_35' title='bbox 243 1042 478 1135; x_wconf 85' lang='lat' dir='ltr'>Ponebamque</span> <span class='ocrx_word' id='word_1_36' title='bbox 489 1043 572 1123; x_wconf 83' lang='lat' dir='ltr'>tuis,</span> <span class='ocrx_word' id='word_1_37' title='bbox 584 1040 744 1135; x_wconf 76' lang='lat' dir='ltr'>Cynthia,</span> <span class='ocrx_word' id='word_1_38' title='bbox 757 1040 985 1134; x_wconf 84' lang='lat' dir='ltr'>temporibus;</span> 
     </span>
     <span class='ocr_line' id='line_1_8' title="bbox 194 1150 999 1244; baseline 0.001 -27"><span class='ocrx_word' id='word_1_39' title='bbox 194 1156 235 1217; x_wconf 84' lang='lat' dir='ltr'>Et</span> <span class='ocrx_word' id='word_1_40' title='bbox 247 1150 348 1219; x_wconf 89' lang='lat' dir='ltr'>modo</span> <span class='ocrx_word' id='word_1_41' title='bbox 363 1151 551 1244; x_wconf 77' lang='lat' dir='ltr'><strong>gaudebam</strong></span> <span class='ocrx_word' id='word_1_42' title='bbox 561 1151 673 1219; x_wconf 84' lang='lat' dir='ltr'>iobsos</span> <span class='ocrx_word' id='word_1_43' title='bbox 686 1152 830 1219; x_wconf 84' lang='lat' dir='ltr'>formare</span> <span class='ocrx_word' id='word_1_44' title='bbox 842 1151 999 1244; x_wconf 82' lang='lat' dir='ltr'>capilios;</span> 
     </span>
     <span class='ocr_line' id='line_1_9' title="bbox 240 1260 1083 1356; baseline 0.001 -27"><span class='ocrx_word' id='word_1_45' title='bbox 240 1268 337 1330; x_wconf 86' lang='lat' dir='ltr'>Nunc</span> <span class='ocrx_word' id='word_1_46' title='bbox 351 1264 474 1331; x_wconf 87' lang='lat' dir='ltr'>furtiva</span> <span class='ocrx_word' id='word_1_47' title='bbox 485 1266 575 1330; x_wconf 82' lang='lat' dir='ltr'>cavis</span> <span class='ocrx_word' id='word_1_48' title='bbox 587 1286 687 1356; x_wconf 86' lang='lat' dir='ltr'>poma</span> <span class='ocrx_word' id='word_1_49' title='bbox 700 1260 821 1329; x_wconf 84' lang='lat' dir='ltr'>dabam</span> <span class='ocrx_word' id='word_1_50' title='bbox 832 1262 1007 1344; x_wconf 70' lang='lat' dir='ltr'>manibus,</span> <span class='ocrx_word' id='word_1_51' title='bbox 1079 1286 1083 1293; x_wconf 93' lang='lat'><em>·</em></span> 
     </span>
     <span class='ocr_line' id='line_1_10' title="bbox 192 1372 1196 1468; baseline -0.002 -29"><span class='ocrx_word' id='word_1_52' title='bbox 192 1375 383 1468; x_wconf 87' lang='lat' dir='ltr'>Omniaque</span> <span class='ocrx_word' id='word_1_53' title='bbox 393 1376 524 1464; x_wconf 73' lang='lat' dir='ltr'>ingrato</span> <span class='ocrx_word' id='word_1_54' title='bbox 533 1372 830 1464; x_wconf 80' lang='lat' dir='ltr'>largibartnunera</span> <span class='ocrx_word' id='word_1_55' title='bbox 841 1372 976 1454; x_wconf 83' lang='lat' dir='ltr'>somno,</span> <span class='ocrx_word' id='word_1_56' title='bbox 1162 1387 1196 1438; x_wconf 77' lang='lat'>25</span> 
     </span>
    </p>
   </div>
   <div class='ocr_carea' id='block_1_3' title="bbox 134 1574 1196 4114">
    <p class='ocr_par' dir='ltr' id='par_1_3' title="bbox 136 1574 1196 3399">
     <span class='ocr_line' id='line_1_11' title="bbox 144 1574 1195 1648; baseline 0 -22"><span class='ocrx_word' id='word_1_57' title='bbox 144 1594 251 1628; x_wconf 84' lang='lat' dir='ltr'>manum</span> <span class='ocrx_word' id='word_1_58' title='bbox 264 1576 397 1647; x_wconf 74' lang='lat' dir='ltr'>adplicata</span> <span class='ocrx_word' id='word_1_59' title='bbox 409 1577 449 1627; x_wconf 90' lang='lat' dir='ltr'>ori</span> <span class='ocrx_word' id='word_1_60' title='bbox 466 1594 525 1628; x_wconf 78' lang='lat' dir='ltr'>suo.</span> <span class='ocrx_word' id='word_1_61' title='bbox 538 1577 645 1633; x_wconf 80' lang='lat' dir='ltr'>Praectat</span> <span class='ocrx_word' id='word_1_62' title='bbox 690 1593 769 1626; x_wconf 84' lang='lat' dir='ltr'>nomo</span> <span class='ocrx_word' id='word_1_63' title='bbox 781 1574 979 1648; x_wconf 66' lang='lat' dir='ltr'>impugnaverit</span> <span class='ocrx_word' id='word_1_64' title='bbox 989 1595 996 1626; x_wconf 74' lang='grc' dir='ltr'><strong><em>ε</em></strong></span> <span class='ocrx_word' id='word_1_65' title='bbox 1006 1593 1089 1647; x_wconf 88' lang='lat' dir='ltr'>quare</span> <span class='ocrx_word' id='word_1_66' title='bbox 1105 1588 1195 1628; x_wconf 85' lang='lat' dir='ltr'>antem</span> 
     </span>
     <span class='ocr_line' id='line_1_12' title="bbox 143 1651 1196 1723; baseline 0.001 -18"><span class='ocrx_word' id='word_1_67' title='bbox 143 1656 239 1723; x_wconf 70' lang='lat' dir='ltr'>igitur,</span> <span class='ocrx_word' id='word_1_68' title='bbox 257 1668 287 1705; x_wconf 91' lang='lat' dir='ltr'>ut</span> <span class='ocrx_word' id='word_1_69' title='bbox 303 1652 389 1705; x_wconf 88' lang='lat' dir='ltr'>codd.</span> <span class='ocrx_word' id='word_1_70' title='bbox 409 1653 527 1703; x_wconf 88' lang='lat' dir='ltr'>omnium</span> <span class='ocrx_word' id='word_1_71' title='bbox 545 1651 643 1723; x_wconf 72' lang='lat' dir='ltr'><strong>(Regg.</strong></span> <span class='ocrx_word' id='word_1_72' title='bbox 689 1656 809 1707; x_wconf 66' lang='lat' dir='ltr'>sevitio?</span> <span class='ocrx_word' id='word_1_73' title='bbox 822 1657 863 1707; x_wconf 82' lang='lat' dir='ltr'>Au</span> <span class='ocrx_word' id='word_1_74' title='bbox 883 1655 993 1708; x_wconf 89' lang='lat' dir='ltr'>multum</span> <span class='ocrx_word' id='word_1_75' title='bbox 1012 1657 1081 1707; x_wconf 83' lang='lat' dir='ltr'>inter·</span> <span class='ocrx_word' id='word_1_76' title='bbox 1097 1673 1126 1707; x_wconf 86' lang='lat' dir='ltr'>sc</span> <span class='ocrx_word' id='word_1_77' title='bbox 1139 1655 1196 1707; x_wconf 81' lang='lat' dir='ltr'>dif-</span> 
     </span>
     <span class='ocr_line' id='line_1_13' title="bbox 142 1734 1193 1807; baseline 0.001 -21"><span class='ocrx_word' id='word_1_78' title='bbox 142 1739 220 1787; x_wconf 85' lang='lat' dir='ltr'>etium</span> <span class='ocrx_word' id='word_1_79' title='bbox 231 1736 255 1785; x_wconf 81' lang='lat' dir='ltr'>A</span> <span class='ocrx_word' id='word_1_80' title='bbox 264 1748 290 1786; x_wconf 89' lang='lat' dir='ltr'>et</span> <span class='ocrx_word' id='word_1_81' title='bbox 299 1736 330 1805; x_wconf 90' lang='lat' dir='ltr'>B)</span> <span class='ocrx_word' id='word_1_82' title='bbox 339 1734 482 1786; x_wconf 84' lang='lat' dir='ltr'>lectionem</span> <span class='ocrx_word' id='word_1_83' title='bbox 493 1752 645 1806; x_wconf 76' lang='lat' dir='ltr'>sequamur,</span> <span class='ocrx_word' id='word_1_84' title='bbox 689 1735 796 1787; x_wconf 81' lang='lat' dir='ltr'>ferunt?</span> <span class='ocrx_word' id='word_1_85' title='bbox 809 1754 842 1787; x_wconf 86' lang='lat' dir='ltr'>an</span> <span class='ocrx_word' id='word_1_86' title='bbox 852 1737 941 1807; x_wconf 81' lang='lat' dir='ltr'>potius</span> <span class='ocrx_word' id='word_1_87' title='bbox 955 1737 994 1787; x_wconf 87' lang='lat' dir='ltr'>ira</span> <span class='ocrx_word' id='word_1_88' title='bbox 1006 1738 1063 1807; x_wconf 81' lang='lat' dir='ltr'>ipsa</span> <span class='ocrx_word' id='word_1_89' title='bbox 1074 1755 1127 1787; x_wconf 90' lang='lat' dir='ltr'>non</span> <span class='ocrx_word' id='word_1_90' title='bbox 1139 1750 1193 1801; x_wconf 81' lang='lat' dir='ltr'>est,</span> 
     </span>
     <span class='ocr_line' id='line_1_14' title="bbox 145 1814 1194 1889; baseline -0.003 -20"><span class='ocrx_word' id='word_1_91' title='bbox 145 1815 316 1889; x_wconf 71' lang='lat' dir='ltr'>uOsculaque</span> <span class='ocrx_word' id='word_1_92' title='bbox 329 1814 434 1867; x_wconf 85' lang='lat' dir='ltr'>admotu</span> <span class='ocrx_word' id='word_1_93' title='bbox 448 1834 551 1867; x_wconf 85' lang='lat' dir='ltr'>sumere</span> <span class='ocrx_word' id='word_1_94' title='bbox 566 1828 592 1867; x_wconf 86' lang='lat' dir='ltr'>et</span> <span class='ocrx_word' id='word_1_95' title='bbox 602 1833 645 1866; x_wconf 72' lang='lat' dir='ltr'>ar·</span> <span class='ocrx_word' id='word_1_96' title='bbox 690 1834 747 1886; x_wconf 81' lang='lat' dir='ltr'>quae</span> <span class='ocrx_word' id='word_1_97' title='bbox 759 1816 861 1867; x_wconf 74' lang='lat' dir='ltr'>femina:</span> <span class='ocrx_word' id='word_1_98' title='bbox 869 1817 965 1868; x_wconf 74' lang='lat' dir='ltr'>saevitia</span> <span class='ocrx_word' id='word_1_99' title='bbox 977 1814 1089 1867; x_wconf 81' lang='lat' dir='ltr'>dicitur?</span> <span class='ocrx_word' id='word_1_100' title='bbox 1099 1817 1194 1882; x_wconf 84' lang='lat' dir='ltr'>Porro,</span> 
     </span>
     <span class='ocr_line' id='line_1_15' title="bbox 141 1893 1194 1965; baseline -0.002 -18"><span class='ocrx_word' id='word_1_101' title='bbox 141 1914 186 1947; x_wconf 78' lang='lat' dir='ltr'>ma</span> <span class='ocrx_word' id='word_1_102' title='bbox 206 1913 318 1946; x_wconf 79' lang='lat' dir='ltr'>manu·</span> <span class='ocrx_word' id='word_1_103' title='bbox 341 1894 462 1946; x_wconf 79' lang='lat' dir='ltr'>Nolimua</span> <span class='ocrx_word' id='word_1_104' title='bbox 483 1907 588 1958; x_wconf 76' lang='lat' dir='ltr'>tamen,</span> <span class='ocrx_word' id='word_1_105' title='bbox 613 1907 643 1946; x_wconf 87' lang='lat' dir='ltr'>ut</span> <span class='ocrx_word' id='word_1_106' title='bbox 688 1895 709 1945; x_wconf 84' lang='lat' dir='ltr'>si</span> <span class='ocrx_word' id='word_1_107' title='bbox 724 1893 877 1965; x_wconf 84' lang='lat' dir='ltr'>loquentem</span> <span class='ocrx_word' id='word_1_108' title='bbox 889 1908 915 1945; x_wconf 85' lang='lat' dir='ltr'>et</span> <span class='ocrx_word' id='word_1_109' title='bbox 929 1895 1114 1965; x_wconf 70' lang='lat' dir='ltr'>objurgantem</span> <span class='ocrx_word' id='word_1_110' title='bbox 1127 1896 1194 1945; x_wconf 84' lang='lat' dir='ltr'>irarn</span> 
     </span>
     <span class='ocr_line' id='line_1_16' title="bbox 141 1972 1195 2048; baseline 0.002 -23"><span class='ocrx_word' id='word_1_111' title='bbox 141 1973 220 2041; x_wconf 88' lang='lat' dir='ltr'>olim,</span> <span class='ocrx_word' id='word_1_112' title='bbox 241 1977 314 2047; x_wconf 89' lang='lat' dir='ltr'>turpi</span> <span class='ocrx_word' id='word_1_113' title='bbox 332 1992 411 2027; x_wconf 80' lang='lat' dir='ltr'>sensu</span> <span class='ocrx_word' id='word_1_114' title='bbox 430 1992 544 2045; x_wconf 84' lang='lat' dir='ltr'>capere,</span> <span class='ocrx_word' id='word_1_115' title='bbox 564 1974 644 2046; x_wconf 85' lang='lat' dir='ltr'>siqui·</span> <span class='ocrx_word' id='word_1_116' title='bbox 688 1972 821 2041; x_wconf 77' lang='lat' dir='ltr'>facimus,</span> <span class='ocrx_word' id='word_1_117' title='bbox 847 1974 939 2048; x_wconf 89' lang='lat' dir='ltr'>quidni</span> <span class='ocrx_word' id='word_1_118' title='bbox 968 1977 1070 2046; x_wconf 74' lang='lat' dir='ltr'>possint</span> <span class='ocrx_word' id='word_1_119' title='bbox 1100 1973 1195 2027; x_wconf 80' lang='lat' dir='ltr'>itidem</span> 
     </span>
     <span class='ocr_line' id='line_1_17' title="bbox 141 2052 1195 2127; baseline -0.001 -22"><span class='ocrx_word' id='word_1_120' title='bbox 141 2054 202 2107; x_wconf 86' lang='lat' dir='ltr'>dem</span> <span class='ocrx_word' id='word_1_121' title='bbox 213 2074 262 2126; x_wconf 84' lang='lat' dir='ltr'>pro</span> <span class='ocrx_word' id='word_1_122' title='bbox 278 2074 326 2121; x_wconf 85' lang='lat' dir='ltr'>eo,</span> <span class='ocrx_word' id='word_1_123' title='bbox 338 2053 410 2127; x_wconf 85' lang='lat' dir='ltr'>quod</span> <span class='ocrx_word' id='word_1_124' title='bbox 421 2057 450 2107; x_wconf 91' lang='lat' dir='ltr'>in</span> <span class='ocrx_word' id='word_1_125' title='bbox 464 2052 564 2105; x_wconf 83' lang='lat' dir='ltr'>talibus</span> <span class='ocrx_word' id='word_1_126' title='bbox 578 2070 642 2124; x_wconf 86' lang='lat' dir='ltr'>pro·</span> <span class='ocrx_word' id='word_1_127' title='bbox 688 2064 759 2105; x_wconf 85' lang='lat' dir='ltr'>recte</span> <span class='ocrx_word' id='word_1_128' title='bbox 776 2072 828 2105; x_wconf 82' lang='lat' dir='ltr'>vox</span> <span class='ocrx_word' id='word_1_129' title='bbox 842 2067 869 2105; x_wconf 89' lang='lat' dir='ltr'>et</span> <span class='ocrx_word' id='word_1_130' title='bbox 882 2052 1010 2105; x_wconf 83' lang='lat' dir='ltr'>ciatnoret</span> <span class='ocrx_word' id='word_1_131' title='bbox 1028 2053 1130 2103; x_wconf 66' lang='lat' dir='ltr'>sevitia</span> <span class='ocrx_word' id='word_1_132' title='bbox 1148 2054 1195 2104; x_wconf 89' lang='lat' dir='ltr'>tri·</span> 
     </span>
     <span class='ocr_line' id='line_1_18' title="bbox 140 2131 1194 2205; baseline 0 -20"><span class='ocrx_word' id='word_1_133' title='bbox 140 2136 227 2204; x_wconf 83' lang='lat' dir='ltr'>prium</span> <span class='ocrx_word' id='word_1_134' title='bbox 234 2149 290 2201; x_wconf 73' lang='lat' dir='ltr'>cut,</span> <span class='ocrx_word' id='word_1_135' title='bbox 304 2133 385 2186; x_wconf 79' lang='lat' dir='ltr'>telum</span> <span class='ocrx_word' id='word_1_136' title='bbox 397 2135 436 2186; x_wconf 84' lang='lat' dir='ltr'>vei</span> <span class='ocrx_word' id='word_1_137' title='bbox 449 2133 516 2198; x_wconf 81' lang='lat' dir='ltr'>teia,</span> <span class='ocrx_word' id='word_1_138' title='bbox 528 2131 643 2185; x_wconf 82' lang='lat' dir='ltr'>vocabu·</span> <span class='ocrx_word' id='word_1_139' title='bbox 688 2132 835 2186; x_wconf 71' lang='lat' dir='ltr'>buitadde</span> <span class='ocrx_word' id='word_1_140' title='bbox 851 2134 922 2205; x_wconf 79' lang='lat' dir='ltr'>qumi</span> <span class='ocrx_word' id='word_1_141' title='bbox 935 2134 1096 2185; x_wconf 81' lang='lat' dir='ltr'>locutionem</span> <span class='ocrx_word' id='word_1_142' title='bbox 1106 2132 1194 2185; x_wconf 77' lang='lat' dir='ltr'>firmat</span> 
     </span>
     <span class='ocr_line' id='line_1_19' title="bbox 141 2209 1192 2283; baseline -0.001 -19"><span class='ocrx_word' id='word_1_143' title='bbox 141 2212 194 2264; x_wconf 83' lang='lat' dir='ltr'>ium</span> <span class='ocrx_word' id='word_1_144' title='bbox 210 2230 285 2265; x_wconf 78' lang='lat' dir='ltr'>anna</span> <span class='ocrx_word' id='word_1_145' title='bbox 299 2230 353 2264; x_wconf 88' lang='lat' dir='ltr'>non</span> <span class='ocrx_word' id='word_1_146' title='bbox 367 2224 440 2264; x_wconf 85' lang='lat' dir='ltr'>recte</span> <span class='ocrx_word' id='word_1_147' title='bbox 454 2212 579 2283; x_wconf 84' lang='lat' dir='ltr'>ponitur;</span> <span class='ocrx_word' id='word_1_148' title='bbox 599 2209 643 2262; x_wconf 81' lang='lat' dir='ltr'>aed</span> <span class='ocrx_word' id='word_1_149' title='bbox 687 2211 875 2265; x_wconf 77' lang='lat' dir='ltr'>Lachmannus</span> <span class='ocrx_word' id='word_1_150' title='bbox 888 2213 976 2265; x_wconf 81' lang='lat' dir='ltr'>adlato</span> <span class='ocrx_word' id='word_1_151' title='bbox 986 2210 1086 2264; x_wconf 86' lang='lat' dir='ltr'>Tibulli</span> <span class='ocrx_word' id='word_1_152' title='bbox 1098 2230 1192 2278; x_wconf 74' lang='lat' dir='ltr'>veron,</span> 
     </span>
     <span class='ocr_line' id='line_1_20' title="bbox 139 2289 1193 2363; baseline 0 -20"><span class='ocrx_word' id='word_1_153' title='bbox 139 2310 214 2344; x_wconf 78' lang='lat' dir='ltr'>arma</span> <span class='ocrx_word' id='word_1_154' title='bbox 240 2311 339 2346; x_wconf 79' lang='lat' dir='ltr'>utmere</span> <span class='ocrx_word' id='word_1_155' title='bbox 360 2290 486 2344; x_wconf 73' lang='lat' dir='ltr'>detumuit</span> <span class='ocrx_word' id='word_1_156' title='bbox 508 2311 523 2342; x_wconf 85' lang='lat' dir='ltr'>u</span> <span class='ocrx_word' id='word_1_157' title='bbox 549 2289 644 2341; x_wconf 80' lang='lat' dir='ltr'>militia</span> <span class='ocrx_word' id='word_1_158' title='bbox 688 2290 738 2357; x_wconf 89' lang='grc' dir='ltr'>ΙΙΙ,</span> <span class='ocrx_word' id='word_1_159' title='bbox 753 2291 783 2358; x_wconf 83' lang='grc'>5,</span> <span class='ocrx_word' id='word_1_160' title='bbox 800 2293 918 2363; x_wconf 84' lang='lat' dir='ltr'>r3,qui‚</span> <span class='ocrx_word' id='word_1_161' title='bbox 937 2293 1015 2343; x_wconf 64' lang='lat' dir='ltr'>:Nec</span> <span class='ocrx_word' id='word_1_162' title='bbox 1030 2310 1079 2342; x_wconf 75' lang='lat' dir='ltr'>noo</span> <span class='ocrx_word' id='word_1_163' title='bbox 1094 2292 1193 2343; x_wconf 76' lang='lat' dir='ltr'>iorcrto·</span> 
     </span>
     <span class='ocr_line' id='line_1_21' title="bbox 139 2368 1193 2445; baseline 0.002 -23"><span class='ocrx_word' id='word_1_164' title='bbox 139 2373 307 2442; x_wconf 79' lang='lat' dir='ltr'>Propertius,</span> <span class='ocrx_word' id='word_1_165' title='bbox 326 2384 352 2423; x_wconf 81' lang='lat' dir='ltr'>at</span> <span class='ocrx_word' id='word_1_166' title='bbox 370 2370 404 2422; x_wconf 88' lang='lat' dir='ltr'>nd</span> <span class='ocrx_word' id='word_1_167' title='bbox 423 2372 571 2422; x_wconf 77' lang='lat' dir='ltr'>venereum</span> <span class='ocrx_word' id='word_1_168' title='bbox 590 2368 643 2421; x_wconf 89' lang='lat' dir='ltr'>hoc</span> <span class='ocrx_word' id='word_1_169' title='bbox 688 2371 845 2424; x_wconf 82' lang='lat' dir='ltr'>meditantes</span> <span class='ocrx_word' id='word_1_170' title='bbox 849 2373 941 2445; x_wconf 72' lang='lat' dir='ltr'>juryia</span> <span class='ocrx_word' id='word_1_171' title='bbox 952 2372 1061 2436; x_wconf 77' lang='lat' dir='ltr'>arentis,</span> <span class='ocrx_word' id='word_1_172' title='bbox 1073 2383 1147 2422; x_wconf 71' lang='lat' dir='ltr'>ote.»</span> <span class='ocrx_word' id='word_1_173' title='bbox 1162 2382 1193 2423; x_wconf 89' lang='lat' dir='ltr'>ut</span> 
     </span>
     <span class='ocr_line' id='line_1_22' title="bbox 140 2447 1193 2522; baseline 0.001 -21"><span class='ocrx_word' id='word_1_174' title='bbox 140 2449 239 2503; x_wconf 85' lang='lat' dir='ltr'>beilum</span> <span class='ocrx_word' id='word_1_175' title='bbox 253 2450 396 2502; x_wconf 73' lang='lat' dir='ltr'>transtulit.</span> <span class='ocrx_word' id='word_1_176' title='bbox 410 2452 493 2501; x_wconf 80' lang='lat' dir='ltr'>Amor</span> <span class='ocrx_word' id='word_1_177' title='bbox 508 2448 588 2515; x_wconf 81' lang='lat' dir='ltr'>mihi,</span> <span class='ocrx_word' id='word_1_178' title='bbox 603 2450 643 2499; x_wconf 89' lang='lat' dir='ltr'>in·</span> <span class='ocrx_word' id='word_1_179' title='bbox 688 2451 715 2500; x_wconf 87' lang='lat' dir='ltr'>in</span> <span class='ocrx_word' id='word_1_180' title='bbox 726 2450 880 2504; x_wconf 81' lang='lat' dir='ltr'>melioribus</span> <span class='ocrx_word' id='word_1_181' title='bbox 892 2452 971 2520; x_wconf 86' lang='lat' dir='ltr'>hujus</span> <span class='ocrx_word' id='word_1_182' title='bbox 986 2463 1072 2522; x_wconf 82' lang='lat' dir='ltr'>poetoe</span> <span class='ocrx_word' id='word_1_183' title='bbox 1086 2447 1193 2502; x_wconf 85' lang='lat' dir='ltr'>Codici-</span> 
     </span>
     <span class='ocr_line' id='line_1_23' title="bbox 139 2528 1048 2603; baseline 0 -22"><span class='ocrx_word' id='word_1_184' title='bbox 139 2531 217 2601; x_wconf 78' lang='lat' dir='ltr'>quit,</span> <span class='ocrx_word' id='word_1_185' title='bbox 238 2543 265 2583; x_wconf 83' lang='lat' dir='ltr'>et</span> <span class='ocrx_word' id='word_1_186' title='bbox 285 2528 400 2581; x_wconf 78' lang='lat' dir='ltr'>Bocchus</span> <span class='ocrx_word' id='word_1_187' title='bbox 424 2528 590 2592; x_wconf 76' lang='lat' dir='ltr'>suadebant,</span> <span class='ocrx_word' id='word_1_188' title='bbox 612 2541 642 2579; x_wconf 90' lang='lat' dir='ltr'>ut</span> <span class='ocrx_word' id='word_1_189' title='bbox 687 2529 739 2582; x_wconf 78' lang='lat' dir='ltr'>buu</span> <span class='ocrx_word' id='word_1_190' title='bbox 754 2531 857 2601; x_wconf 50' lang='lat' dir='ltr'>leantur,</span> <span class='ocrx_word' id='word_1_191' title='bbox 870 2550 925 2582; x_wconf 91' lang='lat' dir='ltr'>non</span> <span class='ocrx_word' id='word_1_192' title='bbox 941 2530 1048 2603; x_wconf 71' lang='lat' dir='ltr'>linquo.</span> 
     </span>
     <span class='ocr_line' id='line_1_24' title="bbox 136 2606 1192 2687; baseline 0.001 -28"><span class='ocrx_word' id='word_1_193' title='bbox 136 2610 269 2678; x_wconf 84' lang='lat' dir='ltr'>jacentem</span> <span class='ocrx_word' id='word_1_194' title='bbox 276 2609 393 2681; x_wconf 82' lang='lat' dir='ltr'>pueliam</span> <span class='ocrx_word' id='word_1_195' title='bbox 401 2606 532 2660; x_wconf 74' lang='lat' dir='ltr'>submitso</span> <span class='ocrx_word' id='word_1_196' title='bbox 542 2608 641 2660; x_wconf 83' lang='lat' dir='ltr'>lacerto</span> <span class='ocrx_word' id='word_1_197' title='bbox 724 2610 955 2676; x_wconf 74' lang='lat' dir='ltr'>ao.1nachts,to,</span> <span class='ocrx_word' id='word_1_198' title='bbox 970 2608 1062 2687; x_wconf 83' lang='lat' dir='ltr'>inachi</span> <span class='ocrx_word' id='word_1_199' title='bbox 1074 2608 1143 2676; x_wconf 82' lang='lat' dir='ltr'>iiiia,</span> <span class='ocrx_word' id='word_1_200' title='bbox 1156 2608 1192 2661; x_wconf 87' lang='lat' dir='ltr'>ob</span> 
     </span>
     <span class='ocr_line' id='line_1_25' title="bbox 139 2687 1192 2755; baseline 0.001 -16"><span class='ocrx_word' id='word_1_201' title='bbox 139 2688 230 2741; x_wconf 85' lang='lat' dir='ltr'>ieviter</span> <span class='ocrx_word' id='word_1_202' title='bbox 239 2702 384 2755; x_wconf 88' lang='lat' dir='ltr'>tentarem,</span> <span class='ocrx_word' id='word_1_203' title='bbox 394 2687 487 2741; x_wconf 76' lang='lat' dir='ltr'>orcula</span> <span class='ocrx_word' id='word_1_204' title='bbox 497 2706 643 2754; x_wconf 78' lang='lat' dir='ltr'>sumerem,</span> <span class='ocrx_word' id='word_1_205' title='bbox 687 2690 814 2743; x_wconf 78' lang='lat' dir='ltr'>inuidiam</span> <span class='ocrx_word' id='word_1_206' title='bbox 832 2692 945 2742; x_wconf 79' lang='lat' dir='ltr'>Junonis</span> <span class='ocrx_word' id='word_1_207' title='bbox 959 2692 985 2742; x_wconf 91' lang='lat' dir='ltr'>in</span> <span class='ocrx_word' id='word_1_208' title='bbox 1003 2708 1110 2741; x_wconf 81' lang='lat' dir='ltr'>vaccum</span> <span class='ocrx_word' id='word_1_209' title='bbox 1130 2706 1192 2741; x_wconf 86' lang='lat' dir='ltr'>mtt-</span> 
     </span>
     <span class='ocr_line' id='line_1_26' title="bbox 139 2766 1191 2839; baseline -0.002 -20"><span class='ocrx_word' id='word_1_210' title='bbox 139 2766 246 2820; x_wconf 83' lang='lat' dir='ltr'>udtnota</span> <span class='ocrx_word' id='word_1_211' title='bbox 263 2769 369 2839; x_wconf 88' lang='lat' dir='ltr'>corpori</span> <span class='ocrx_word' id='word_1_212' title='bbox 386 2786 466 2819; x_wconf 77' lang='lat' dir='ltr'>mauu</span> <span class='ocrx_word' id='word_1_213' title='bbox 482 2786 524 2818; x_wconf 85' lang='lat' dir='ltr'>me</span> <span class='ocrx_word' id='word_1_214' title='bbox 545 2766 577 2818; x_wconf 83' lang='lat' dir='ltr'>ad</span> <span class='ocrx_word' id='word_1_215' title='bbox 590 2767 643 2819; x_wconf 87' lang='lat' dir='ltr'>hoc</span> <span class='ocrx_word' id='word_1_216' title='bbox 686 2780 758 2834; x_wconf 83' lang='lat' dir='ltr'>tata,</span> <span class='ocrx_word' id='word_1_217' title='bbox 772 2781 798 2820; x_wconf 86' lang='lat' dir='ltr'>et</span> <span class='ocrx_word' id='word_1_218' title='bbox 808 2767 984 2820; x_wconf 76' lang='lat' dir='ltr'>custodienda</span> <span class='ocrx_word' id='word_1_219' title='bbox 996 2770 1068 2838; x_wconf 71' lang='lat' dir='ltr'>Argo</span> <span class='ocrx_word' id='word_1_220' title='bbox 1085 2766 1191 2820; x_wconf 83' lang='lat' dir='ltr'>tradita.</span> 
     </span>
     <span class='ocr_line' id='line_1_27' title="bbox 139 2846 1191 2920; baseline 0 -22"><span class='ocrx_word' id='word_1_221' title='bbox 139 2846 217 2900; x_wconf 82' lang='lat' dir='ltr'>dulce</span> <span class='ocrx_word' id='word_1_222' title='bbox 233 2848 332 2902; x_wconf 82' lang='lat' dir='ltr'>bellum</span> <span class='ocrx_word' id='word_1_223' title='bbox 346 2868 477 2920; x_wconf 84' lang='lat' dir='ltr'>pararem.</span> <span class='ocrx_word' id='word_1_224' title='bbox 497 2846 586 2900; x_wconf 80' lang='lat' dir='ltr'>Simile</span> <span class='ocrx_word' id='word_1_225' title='bbox 602 2863 643 2900; x_wconf 83' lang='lat' dir='ltr'>cat</span> <span class='ocrx_word' id='word_1_226' title='bbox 686 2847 764 2900; x_wconf 77' lang='lat' dir='ltr'>Ouid.</span> <span class='ocrx_word' id='word_1_227' title='bbox 781 2846 888 2899; x_wconf 83' lang='lat' dir='ltr'>Metam.</span> <span class='ocrx_word' id='word_1_228' title='bbox 903 2849 929 2913; x_wconf 96' lang='grc' dir='ltr'>Ι,</span> <span class='ocrx_word' id='word_1_229' title='bbox 946 2848 998 2901; x_wconf 82' lang='grc'>568</span> <span class='ocrx_word' id='word_1_230' title='bbox 1015 2864 1071 2918; x_wconf 79' lang='lat' dir='ltr'>sqq.</span> <span class='ocrx_word' id='word_1_231' title='bbox 1088 2846 1191 2898; x_wconf 85' lang='lat' dir='ltr'>Comuo</span> 
     </span>
     <span class='ocr_line' id='line_1_28' title="bbox 138 2923 1192 3000; baseline -0.003 -20"><span class='ocrx_word' id='word_1_232' title='bbox 138 2927 205 2980; x_wconf 77' lang='lat' dir='ltr'>illud</span> <span class='ocrx_word' id='word_1_233' title='bbox 219 2932 270 2996; x_wconf 94' lang='grc' dir='ltr'>ΙΙΙ,</span> <span class='ocrx_word' id='word_1_234' title='bbox 288 2948 338 2997; x_wconf 80' lang='lat'>20,</span> <span class='ocrx_word' id='word_1_235' title='bbox 359 2948 406 3000; x_wconf 85' lang='lat'>19,</span> <span class='ocrx_word' id='word_1_236' title='bbox 431 2931 539 2996; x_wconf 77' lang='lat' dir='ltr'>«Quam</span> <span class='ocrx_word' id='word_1_237' title='bbox 555 2929 641 2981; x_wconf 86' lang='lat' dir='ltr'>muitae</span> <span class='ocrx_word' id='word_1_238' title='bbox 686 2928 826 2981; x_wconf 76' lang='lat' dir='ltr'>Inachidos</span> <span class='ocrx_word' id='word_1_239' title='bbox 836 2947 886 2999; x_wconf 88' lang='lat' dir='ltr'>pro</span> <span class='ocrx_word' id='word_1_240' title='bbox 903 2927 988 3000; x_wconf 79' lang='lat' dir='ltr'>simpl.</span> <span class='ocrx_word' id='word_1_241' title='bbox 1004 2923 1129 2979; x_wconf 82' lang='lat' dir='ltr'>inaclride</span> <span class='ocrx_word' id='word_1_242' title='bbox 1139 2944 1192 2997; x_wconf 86' lang='lat' dir='ltr'>po·</span> 
     </span>
     <span class='ocr_line' id='line_1_29' title="bbox 139 3007 1190 3076; baseline -0.003 -17"><span class='ocrx_word' id='word_1_243' title='bbox 139 3021 200 3060; x_wconf 84' lang='lat' dir='ltr'>ante</span> <span class='ocrx_word' id='word_1_244' title='bbox 215 3011 279 3061; x_wconf 81' lang='lat' dir='ltr'>meio</span> <span class='ocrx_word' id='word_1_245' title='bbox 296 3007 392 3067; x_wconf 77' lang='lat' dir='ltr'>cedent</span> <span class='ocrx_word' id='word_1_246' title='bbox 409 3007 577 3060; x_wconf 67' lang='lat' dir='ltr'>sermonibus</span> <span class='ocrx_word' id='word_1_247' title='bbox 593 3008 641 3060; x_wconf 92' lang='lat' dir='ltr'>ho·</span> <span class='ocrx_word' id='word_1_248' title='bbox 687 3009 875 3076; x_wconf 79' lang='lat' dir='ltr'>situm,eadem</span> <span class='ocrx_word' id='word_1_249' title='bbox 885 3021 1009 3060; x_wconf 85' lang='lat' dir='ltr'>contorta</span> <span class='ocrx_word' id='word_1_250' title='bbox 1022 3008 1125 3071; x_wconf 77' lang='lat' dir='ltr'>forma,</span> <span class='ocrx_word' id='word_1_251' title='bbox 1135 3022 1190 3076; x_wconf 77' lang='lat' dir='ltr'>qun</span> 
     </span>
     <span class='ocr_line' id='line_1_30' title="bbox 139 3087 1189 3160; baseline -0.001 -21"><span class='ocrx_word' id='word_1_252' title='bbox 139 3106 187 3153; x_wconf 79' lang='lat' dir='ltr'>rae,</span> <span class='ocrx_word' id='word_1_253' title='bbox 207 3089 303 3140; x_wconf 81' lang='lat' dir='ltr'>Dulcia</span> <span class='ocrx_word' id='word_1_254' title='bbox 325 3106 402 3160; x_wconf 84' lang='lat' dir='ltr'>quam</span> <span class='ocrx_word' id='word_1_255' title='bbox 426 3087 505 3140; x_wconf 75' lang='lat' dir='ltr'>nobis</span> <span class='ocrx_word' id='word_1_256' title='bbox 524 3090 641 3140; x_wconf 85' lang='lat' dir='ltr'>concitet</span> <span class='ocrx_word' id='word_1_257' title='bbox 687 3091 756 3143; x_wconf 76' lang='lat' dir='ltr'>bouis</span> <span class='ocrx_word' id='word_1_258' title='bbox 767 3109 864 3142; x_wconf 82' lang='lat' dir='ltr'>cornua</span> <span class='ocrx_word' id='word_1_259' title='bbox 875 3091 1000 3142; x_wconf 84' lang='lat' dir='ltr'>dicuntur</span> <span class='ocrx_word' id='word_1_260' title='bbox 1011 3090 1059 3154; x_wconf 90' lang='grc' dir='ltr'>ΙΙΙ,</span> <span class='ocrx_word' id='word_1_261' title='bbox 1077 3104 1124 3157; x_wconf 79' lang='grc' dir='ltr'>ις),</span> <span class='ocrx_word' id='word_1_262' title='bbox 1140 3094 1189 3153; x_wconf 76' lang='lat' dir='ltr'>tu,</span> 
     </span>
     <span class='ocr_line' id='line_1_31' title="bbox 138 3167 1190 3239; baseline 0.001 -22"><span class='ocrx_word' id='word_1_263' title='bbox 138 3186 212 3218; x_wconf 81' lang='lat' dir='ltr'>anna</span> <span class='ocrx_word' id='word_1_264' title='bbox 232 3172 336 3222; x_wconf 79' lang='lat' dir='ltr'>Venus!</span> <span class='ocrx_word' id='word_1_265' title='bbox 358 3192 369 3216; x_wconf 68' lang='lat' dir='ltr'>u</span> <span class='ocrx_word' id='word_1_266' title='bbox 393 3171 455 3221; x_wconf 79' lang='lat' dir='ltr'>Hoec</span> <span class='ocrx_word' id='word_1_267' title='bbox 476 3170 532 3220; x_wconf 82' lang='lat' dir='ltr'>fere</span> <span class='ocrx_word' id='word_1_268' title='bbox 556 3168 641 3221; x_wconf 85' lang='lat' dir='ltr'>Lach·</span> <span class='ocrx_word' id='word_1_269' title='bbox 685 3181 816 3222; x_wconf 83' lang='lat' dir='ltr'>etcornua</span> <span class='ocrx_word' id='word_1_270' title='bbox 827 3167 1190 3239; x_wconf 63' lang='lat' dir='ltr'>monstrilV,4‚4t.19nota</span> 
     </span>
     <span class='ocr_line' id='line_1_32' title="bbox 137 3245 1189 3321; baseline 0.002 -24"><span class='ocrx_word' id='word_1_271' title='bbox 137 3265 311 3319; x_wconf 69' lang='lat' dir='ltr'>mann.,qurc</span> <span class='ocrx_word' id='word_1_272' title='bbox 320 3246 483 3300; x_wconf 71' lang='lat' dir='ltr'>bonisnuilit</span> <span class='ocrx_word' id='word_1_273' title='bbox 493 3248 641 3300; x_wconf 78' lang='lat' dir='ltr'>rationibus</span> <span class='ocrx_word' id='word_1_274' title='bbox 685 3261 793 3315; x_wconf 81' lang='lat' dir='ltr'>autem,</span> <span class='ocrx_word' id='word_1_275' title='bbox 815 3268 896 3321; x_wconf 88' lang='lat' dir='ltr'>quum</span> <span class='ocrx_word' id='word_1_276' title='bbox 923 3261 1051 3300; x_wconf 85' lang='lat' dir='ltr'>mutatam</span> <span class='ocrx_word' id='word_1_277' title='bbox 1072 3245 1189 3317; x_wconf 79' lang='lat' dir='ltr'>pueliam</span> 
     </span>
     <span class='ocr_line' id='line_1_33' title="bbox 138 3325 928 3399; baseline 0.006 -24"><span class='ocrx_word' id='word_1_278' title='bbox 138 3327 247 3379; x_wconf 76' lang='lat' dir='ltr'>refutari</span> <span class='ocrx_word' id='word_1_279' title='bbox 259 3345 338 3398; x_wconf 78' lang='lat' dir='ltr'>pocae</span> <span class='ocrx_word' id='word_1_280' title='bbox 346 3325 506 3396; x_wconf 79' lang='lat' dir='ltr'>judicamus.</span> <span class='ocrx_word' id='word_1_281' title='bbox 684 3330 769 3398; x_wconf 72' lang='lat' dir='ltr'>Argus</span> <span class='ocrx_word' id='word_1_282' title='bbox 783 3333 928 3399; x_wconf 75' lang='lat' dir='ltr'>ignoraret.</span> 
     </span>
    </p>

    <p class='ocr_par' dir='ltr' id='par_1_4' title="bbox 134 3405 1189 4114">
     <span class='ocr_line' id='line_1_34' title="bbox 176 3405 1189 3480; baseline -0.004 -21"><span class='ocrx_word' id='word_1_283' title='bbox 176 3406 216 3459; x_wconf 82' lang='lat'>18.</span> <span class='ocrx_word' id='word_1_284' title='bbox 227 3406 321 3480; x_wconf 64' lang='lat' dir='ltr'>Juryt&#39;a</span> <span class='ocrx_word' id='word_1_285' title='bbox 335 3406 446 3457; x_wconf 75' lang='lat' dir='ltr'>saevt&#39;tioe.</span> <span class='ocrx_word' id='word_1_286' title='bbox 461 3405 571 3459; x_wconf 77' lang='lat' dir='ltr'>Verbera</span> <span class='ocrx_word' id='word_1_287' title='bbox 581 3405 641 3458; x_wconf 81' lang='lat' dir='ltr'>Soa·</span> <span class='ocrx_word' id='word_1_288' title='bbox 722 3426 763 3461; x_wconf 79' lang='lat'>21.</span> <span class='ocrx_word' id='word_1_289' title='bbox 780 3408 911 3474; x_wconf 72' lang='lat' dir='ltr'>corollas,</span> <span class='ocrx_word' id='word_1_290' title='bbox 927 3406 1022 3480; x_wconf 75' lang='lat' dir='ltr'>quibus</span> <span class='ocrx_word' id='word_1_291' title='bbox 1039 3418 1120 3476; x_wconf 85' lang='lat' dir='ltr'>caput</span> <span class='ocrx_word' id='word_1_292' title='bbox 1134 3405 1189 3456; x_wconf 85' lang='lat' dir='ltr'>cin·</span> 
     </span>
     <span class='ocr_line' id='line_1_35' title="bbox 137 3482 1187 3557; baseline 0.002 -24"><span class='ocrx_word' id='word_1_293' title='bbox 137 3482 210 3552; x_wconf 70' lang='lat' dir='ltr'>ligeri</span> <span class='ocrx_word' id='word_1_294' title='bbox 229 3485 283 3537; x_wconf 82' lang='lat' dir='ltr'>MS.</span> <span class='ocrx_word' id='word_1_295' title='bbox 309 3483 417 3546; x_wconf 89' lang='lat' dir='ltr'>habuit,</span> <span class='ocrx_word' id='word_1_296' title='bbox 439 3482 512 3555; x_wconf 87' lang='lat' dir='ltr'>quod</span> <span class='ocrx_word' id='word_1_297' title='bbox 535 3487 589 3536; x_wconf 81' lang='lat' dir='ltr'>aive</span> <span class='ocrx_word' id='word_1_298' title='bbox 608 3486 641 3537; x_wconf 78' lang='lat' dir='ltr'>ait</span> <span class='ocrx_word' id='word_1_299' title='bbox 685 3500 743 3539; x_wconf 84' lang='lat' dir='ltr'>ctus</span> <span class='ocrx_word' id='word_1_300' title='bbox 763 3488 916 3539; x_wconf 82' lang='lat' dir='ltr'>uconvivio</span> <span class='ocrx_word' id='word_1_301' title='bbox 930 3485 964 3537; x_wconf 88' lang='lat' dir='ltr'>ad</span> <span class='ocrx_word' id='word_1_302' title='bbox 984 3482 1124 3557; x_wconf 70' lang='lat' dir='ltr'>Cynthium</span> <span class='ocrx_word' id='word_1_303' title='bbox 1141 3501 1187 3535; x_wconf 81' lang='lat' dir='ltr'>vc-</span> 
     </span>
     <span class='ocr_line' id='line_1_36' title="bbox 136 3561 1188 3635; baseline 0 -22"><span class='ocrx_word' id='word_1_304' title='bbox 136 3566 246 3633; x_wconf 85' lang='lat' dir='ltr'>propria</span> <span class='ocrx_word' id='word_1_305' title='bbox 280 3564 471 3635; x_wconf 70' lang='lat' dir='ltr'>significatione</span> <span class='ocrx_word' id='word_1_306' title='bbox 503 3567 640 3635; x_wconf 79' lang='lat' dir='ltr'>positum,</span> <span class='ocrx_word' id='word_1_307' title='bbox 684 3579 769 3619; x_wconf 82' lang='lat' dir='ltr'>uerat.</span> <span class='ocrx_word' id='word_1_308' title='bbox 781 3567 945 3619; x_wconf 82' lang='lat' dir='ltr'>Coronarum</span> <span class='ocrx_word' id='word_1_309' title='bbox 961 3567 987 3615; x_wconf 90' lang='lat' dir='ltr'>in</span> <span class='ocrx_word' id='word_1_310' title='bbox 1003 3561 1088 3633; x_wconf 81' lang='lat' dir='ltr'>epuiis</span> <span class='ocrx_word' id='word_1_311' title='bbox 1106 3576 1188 3635; x_wconf 61' lang='lat' dir='ltr'>notua</span> 
     </span>
     <span class='ocr_line' id='line_1_37' title="bbox 137 3639 1150 3716; baseline -0.001 -24"><span class='ocrx_word' id='word_1_312' title='bbox 137 3643 192 3695; x_wconf 80' lang='lat' dir='ltr'>rire</span> <span class='ocrx_word' id='word_1_313' title='bbox 206 3643 313 3716; x_wconf 71' lang='lat' dir='ltr'>linquo,</span> <span class='ocrx_word' id='word_1_314' title='bbox 325 3657 355 3696; x_wconf 88' lang='lat' dir='ltr'>ut</span> <span class='ocrx_word' id='word_1_315' title='bbox 369 3646 492 3697; x_wconf 80' lang='lat' dir='ltr'>Horatius</span> <span class='ocrx_word' id='word_1_316' title='bbox 505 3642 587 3710; x_wconf 84' lang='lat' dir='ltr'>dixit,</span> <span class='ocrx_word' id='word_1_317' title='bbox 601 3648 640 3697; x_wconf 92' lang='lat' dir='ltr'>in·</span> <span class='ocrx_word' id='word_1_318' title='bbox 685 3657 805 3699; x_wconf 74' lang='lat' dir='ltr'>nauseat.</span> <span class='ocrx_word' id='word_1_319' title='bbox 821 3645 959 3696; x_wconf 85' lang='lat' dir='ltr'>Horatium</span> <span class='ocrx_word' id='word_1_320' title='bbox 970 3644 1067 3713; x_wconf 80' lang='lat' dir='ltr'>passim</span> <span class='ocrx_word' id='word_1_321' title='bbox 1079 3639 1150 3693; x_wconf 80' lang='lat' dir='ltr'>vido.</span> 
     </span>
     <span class='ocr_line' id='line_1_38' title="bbox 136 3719 1186 3793; baseline 0 -22"><span class='ocrx_word' id='word_1_322' title='bbox 136 3719 287 3792; x_wconf 71' lang='lat' dir='ltr'>telligantur</span> <span class='ocrx_word' id='word_1_323' title='bbox 301 3724 419 3790; x_wconf 68' lang='lat' dir='ltr'>undaro,</span> <span class='ocrx_word' id='word_1_324' title='bbox 435 3724 461 3773; x_wconf 90' lang='lat' dir='ltr'>in</span> <span class='ocrx_word' id='word_1_325' title='bbox 477 3722 639 3776; x_wconf 73' lang='lat' dir='ltr'>editionibus</span> <span class='ocrx_word' id='word_1_326' title='bbox 721 3726 764 3778; x_wconf 73' lang='lat'>23.</span> <span class='ocrx_word' id='word_1_327' title='bbox 783 3725 925 3787; x_wconf 82' lang='lat' dir='ltr'>Fonnore,</span> <span class='ocrx_word' id='word_1_328' title='bbox 947 3738 1125 3793; x_wconf 80' lang='lat' dir='ltr'>componere,</span> <span class='ocrx_word' id='word_1_329' title='bbox 1142 3739 1186 3772; x_wconf 83' lang='lat' dir='ltr'>re-</span> 
     </span>
     <span class='ocr_line' id='line_1_39' title="bbox 136 3797 1187 3875; baseline 0.002 -26"><span class='ocrx_word' id='word_1_330' title='bbox 136 3797 216 3870; x_wconf 72' lang='lat' dir='ltr'>vulgo</span> <span class='ocrx_word' id='word_1_331' title='bbox 237 3799 340 3872; x_wconf 69' lang='lat' dir='ltr'>legitur.</span> <span class='ocrx_word' id='word_1_332' title='bbox 361 3802 454 3853; x_wconf 67' lang='lat' dir='ltr'>Ceteri</span> <span class='ocrx_word' id='word_1_333' title='bbox 469 3800 553 3853; x_wconf 81' lang='lat' dir='ltr'>codd.</span> <span class='ocrx_word' id='word_1_334' title='bbox 576 3803 637 3854; x_wconf 87' lang='lat' dir='ltr'>uui·-</span> <span class='ocrx_word' id='word_1_335' title='bbox 683 3822 786 3875; x_wconf 85' lang='lat' dir='ltr'>parare.</span> <span class='ocrx_word' id='word_1_336' title='bbox 797 3831 833 3841; x_wconf 92' lang='lat'><em>-</em></span> <span class='ocrx_word' id='word_1_337' title='bbox 844 3802 944 3866; x_wconf 85' lang='lat' dir='ltr'>Poma,</span> <span class='ocrx_word' id='word_1_338' title='bbox 959 3818 1029 3872; x_wconf 73' lang='lat' dir='ltr'>ampo</span> <span class='ocrx_word' id='word_1_339' title='bbox 1039 3810 1187 3851; x_wconf 80' lang='lat' dir='ltr'>memorata</span> 
     </span>
     <span class='ocr_line' id='line_1_40' title="bbox 135 3880 1081 3954; baseline 0 -25"><span class='ocrx_word' id='word_1_340' title='bbox 135 3881 203 3931; x_wconf 84' lang='lat' dir='ltr'>versi</span> <span class='ocrx_word' id='word_1_341' title='bbox 209 3882 296 3954; x_wconf 69' lang='lat' dir='ltr'>juryt&#39;a</span> <span class='ocrx_word' id='word_1_342' title='bbox 305 3880 439 3933; x_wconf 75' lang='lat' dir='ltr'>exhibent.</span> <span class='ocrx_word' id='word_1_343' title='bbox 447 3883 504 3931; x_wconf 87' lang='lat' dir='ltr'>Hoc</span> <span class='ocrx_word' id='word_1_344' title='bbox 514 3898 563 3931; x_wconf 80' lang='lat' dir='ltr'>uos</span> <span class='ocrx_word' id='word_1_345' title='bbox 576 3898 637 3932; x_wconf 86' lang='lat' dir='ltr'>oum</span> <span class='ocrx_word' id='word_1_346' title='bbox 682 3885 768 3954; x_wconf 77' lang='lat' dir='ltr'>poetis</span> <span class='ocrx_word' id='word_1_347' title='bbox 777 3884 846 3933; x_wconf 87' lang='lat' dir='ltr'>inter</span> <span class='ocrx_word' id='word_1_348' title='bbox 857 3883 953 3933; x_wconf 76' lang='lat' dir='ltr'>amoris</span> <span class='ocrx_word' id='word_1_349' title='bbox 963 3898 1081 3932; x_wconf 82' lang='lat' dir='ltr'>munera.</span> 
     </span>
     <span class='ocr_line' id='line_1_41' title="bbox 134 3958 1186 4035; baseline 0.001 -27"><span class='ocrx_word' id='word_1_350' title='bbox 134 3958 295 4013; x_wconf 82' lang='lat' dir='ltr'>Lachmann.</span> <span class='ocrx_word' id='word_1_351' title='bbox 305 3959 415 4013; x_wconf 81' lang='lat' dir='ltr'>fidenter</span> <span class='ocrx_word' id='word_1_352' title='bbox 425 3960 599 4031; x_wconf 76' lang='lat' dir='ltr'>adoptamur,</span> <span class='ocrx_word' id='word_1_353' title='bbox 611 3975 636 4012; x_wconf 86' lang='lat' dir='ltr'>et</span> <span class='ocrx_word' id='word_1_354' title='bbox 717 3960 760 4014; x_wconf 79' lang='lat'>26.</span> <span class='ocrx_word' id='word_1_355' title='bbox 774 3962 882 4035; x_wconf 68' lang='lat' dir='ltr'>Inqrato</span> <span class='ocrx_word' id='word_1_356' title='bbox 893 3979 997 4024; x_wconf 76' lang='lat' dir='ltr'>somno,</span> <span class='ocrx_word' id='word_1_357' title='bbox 1013 3961 1089 4028; x_wconf 72' lang='lat' dir='ltr'>cujus</span> <span class='ocrx_word' id='word_1_358' title='bbox 1103 3960 1130 4010; x_wconf 90' lang='lat' dir='ltr'>in</span> <span class='ocrx_word' id='word_1_359' title='bbox 1141 3975 1186 4009; x_wconf 83' lang='lat' dir='ltr'>mc</span> 
     </span>
     <span class='ocr_line' id='line_1_42' title="bbox 134 4034 1147 4114; baseline 0 -28"><span class='ocrx_word' id='word_1_360' title='bbox 134 4054 165 4087; x_wconf 78' lang='lat' dir='ltr'>ex</span> <span class='ocrx_word' id='word_1_361' title='bbox 192 4036 314 4109; x_wconf 73' lang='lat' dir='ltr'>analogia</span> <span class='ocrx_word' id='word_1_362' title='bbox 340 4052 454 4091; x_wconf 86' lang='lat' dir='ltr'>tuemur.</span> <span class='ocrx_word' id='word_1_363' title='bbox 480 4040 531 4090; x_wconf 78' lang='lat' dir='ltr'>luc</span> <span class='ocrx_word' id='word_1_364' title='bbox 544 4039 635 4114; x_wconf 71' lang='lat' dir='ltr'>jurqia</span> <span class='ocrx_word' id='word_1_365' title='bbox 680 4059 730 4112; x_wconf 87' lang='lat' dir='ltr'>pro</span> <span class='ocrx_word' id='word_1_366' title='bbox 742 4038 820 4091; x_wconf 72' lang='lat' dir='ltr'>donia</span> <span class='ocrx_word' id='word_1_367' title='bbox 832 4041 889 4092; x_wconf 81' lang='lat' dir='ltr'>iatia</span> <span class='ocrx_word' id='word_1_368' title='bbox 901 4041 986 4110; x_wconf 72' lang='lat' dir='ltr'>gratia</span> <span class='ocrx_word' id='word_1_369' title='bbox 998 4047 1054 4090; x_wconf 81' lang='lat' dir='ltr'>erut</span> <span class='ocrx_word' id='word_1_370' title='bbox 1065 4034 1147 4088; x_wconf 82' lang='lat' dir='ltr'>nulia.</span> 
     </span>
    </p>
   </div>
   <div class='ocr_carea' id='block_1_4' title="bbox 0 0 1328 4792">
    <p class='ocr_par' dir='ltr' id='par_1_5' title="bbox 0 0 1328 4792">
     <span class='ocr_line' id='line_1_43' title="bbox 0 0 1328 4792; baseline 0 4"><span class='ocrx_word' id='word_1_371' title='bbox 0 0 1328 4792; x_wconf 95' lang='lat' dir='ltr'> </span> 
     </span>
    </p>
   </div>
  </div>
 </body>
</html>
