<?xml version="1.0" encoding="UTF-8"?>
<!DOCTYPE html PUBLIC "-//W3C//DTD XHTML 1.0 Transitional//EN"
    "http://www.w3.org/TR/xhtml1/DTD/xhtml1-transitional.dtd">
<html xmlns="http://www.w3.org/1999/xhtml" xml:lang="en" lang="en">
 <head>
  <title>
</title>
<meta http-equiv="Content-Type" content="text/html;charset=utf-8" />
  <meta name='ocr-system' content='tesseract 3.04.00' />
  <meta name='ocr-capabilities' content='ocr_page ocr_carea ocr_par ocr_line ocrx_word'/>
</head>
<body>
  <div class='ocr_page' id='page_1' title='image "bibliothecaclas37lemagoog_0024.png"; bbox 0 0 2648 4792; ppageno 0'>
   <div class='ocr_carea' id='block_1_1' title="bbox 411 404 1179 501">
    <p class='ocr_par' dir='ltr' id='par_1_1' title="bbox 411 404 1179 501">
     <span class='ocr_line' id='line_1_1' title="bbox 411 404 1179 501; baseline 0.004 -27"><span class='ocrx_word' id='word_1_1' title='bbox 411 410 672 478; x_wconf 70' lang='lat' dir='ltr'><strong>ruituros</strong></span> <span class='ocrx_word' id='word_1_2' title='bbox 695 404 926 477; x_wconf 60' lang='lat' dir='ltr'><strong>nicusus:</strong></span> <span class='ocrx_word' id='word_1_3' title='bbox 1160 435 1179 501; x_wconf 84' lang='lat'><strong>9</strong></span> 
     </span>
    </p>
   </div>
   <div class='ocr_carea' id='block_1_2' title="bbox 141 516 1259 2376">
    <p class='ocr_par' dir='ltr' id='par_1_2' title="bbox 141 516 1259 2376">
     <span class='ocr_line' id='line_1_2' title="bbox 149 516 1259 620; baseline -0.003 -19"><span class='ocrx_word' id='word_1_4' title='bbox 149 539 324 602; x_wconf 82' lang='lat' dir='ltr'>Clitumnus.</span> <span class='ocrx_word' id='word_1_5' title='bbox 336 537 474 598; x_wconf 80' lang='lat' dir='ltr'><strong>Tandem</strong></span> <span class='ocrx_word' id='word_1_6' title='bbox 486 537 619 598; x_wconf 76' lang='lat' dir='ltr'><strong>Perusiae</strong></span> <span class='ocrx_word' id='word_1_7' title='bbox 632 535 772 619; x_wconf 82' lang='lat' dir='ltr'><strong>obposita</strong></span> <span class='ocrx_word' id='word_1_8' title='bbox 785 552 830 598; x_wconf 81' lang='lat' dir='ltr'><strong>est</strong></span> <span class='ocrx_word' id='word_1_9' title='bbox 843 538 902 612; x_wconf 86' lang='lat' dir='ltr'><strong>ita,</strong></span> <span class='ocrx_word' id='word_1_10' title='bbox 915 549 951 596; x_wconf 90' lang='lat' dir='ltr'><strong>ut</strong></span> <span class='ocrx_word' id='word_1_11' title='bbox 964 556 1019 619; x_wconf 90' lang='lat' dir='ltr'><strong>per</strong></span> <span class='ocrx_word' id='word_1_12' title='bbox 1034 557 1180 620; x_wconf 89' lang='lat' dir='ltr'><strong>campum</strong></span> <span class='ocrx_word' id='word_1_13' title='bbox 1247 516 1259 542; x_wconf 63' lang='lat'><em>⁶</em></span> 
     </span>
     <span class='ocr_line' id='line_1_3' title="bbox 145 633 1181 717; baseline -0.002 -20"><span class='ocrx_word' id='word_1_14' title='bbox 145 637 334 697; x_wconf 85' lang='lat' dir='ltr'><strong>Mevanatem</strong></span> <span class='ocrx_word' id='word_1_15' title='bbox 345 649 376 696; x_wconf 91' lang='lat' dir='ltr'><strong>et</strong></span> <span class='ocrx_word' id='word_1_16' title='bbox 389 634 583 695; x_wconf 85' lang='lat' dir='ltr'><strong>Clitumnum</strong></span> <span class='ocrx_word' id='word_1_17' title='bbox 603 634 862 717; x_wconf 80' lang='lat' dir='ltr'><strong>progrediendum</strong></span> <span class='ocrx_word' id='word_1_18' title='bbox 877 636 915 694; x_wconf 91' lang='lat' dir='ltr'><strong>sit</strong></span> <span class='ocrx_word' id='word_1_19' title='bbox 935 633 974 694; x_wconf 91' lang='lat' dir='ltr'><strong>ad</strong></span> <span class='ocrx_word' id='word_1_20' title='bbox 996 633 1107 694; x_wconf 89' lang='lat' dir='ltr'><strong>urbem</strong></span> <span class='ocrx_word' id='word_1_21' title='bbox 1126 655 1181 716; x_wconf 89' lang='lat' dir='ltr'><strong>pa·</strong></span> 
     </span>
     <span class='ocr_line' id='line_1_4' title="bbox 145 733 1181 818; baseline -0.001 -22"><span class='ocrx_word' id='word_1_22' title='bbox 145 737 232 796; x_wconf 87' lang='lat' dir='ltr'><strong>triam</strong></span> <span class='ocrx_word' id='word_1_23' title='bbox 248 735 419 818; x_wconf 82' lang='lat' dir='ltr'><strong>Propertii,</strong></span> <span class='ocrx_word' id='word_1_24' title='bbox 443 753 508 816; x_wconf 81' lang='lat' dir='ltr'><strong>quoe</strong></span> <span class='ocrx_word' id='word_1_25' title='bbox 531 736 675 815; x_wconf 79' lang='lat' dir='ltr'><strong>consurpit</strong></span> <span class='ocrx_word' id='word_1_26' title='bbox 698 736 799 795; x_wconf 82' lang='lat' dir='ltr'><strong>vertice</strong></span> <span class='ocrx_word' id='word_1_27' title='bbox 820 733 983 794; x_wconf 74' lang='lat' dir='ltr'><strong>scandentis</strong></span> <span class='ocrx_word' id='word_1_28' title='bbox 1006 735 1098 808; x_wconf 76' lang='lat' dir='ltr'><strong>amis,</strong></span> <span class='ocrx_word' id='word_1_29' title='bbox 1118 735 1181 795; x_wconf 85' lang='lat' dir='ltr'><strong>sive</strong></span> 
     </span>
     <span class='ocr_line' id='line_1_5' title="bbox 145 828 1181 914; baseline -0.003 -20"><span class='ocrx_word' id='word_1_30' title='bbox 145 835 243 894; x_wconf 66' lang='lat' dir='ltr'><strong>monos</strong></span> <span class='ocrx_word' id='word_1_31' title='bbox 254 829 397 914; x_wconf 76' lang='lat' dir='ltr'><strong>paulatim</strong></span> <span class='ocrx_word' id='word_1_32' title='bbox 407 852 437 892; x_wconf 82' lang='lat' dir='ltr'><strong>se</strong></span> <span class='ocrx_word' id='word_1_33' title='bbox 451 851 517 891; x_wconf 78' lang='lat' dir='ltr'><strong>curn</strong></span> <span class='ocrx_word' id='word_1_34' title='bbox 528 828 598 890; x_wconf 81' lang='lat' dir='ltr'><strong>urbe</strong></span> <span class='ocrx_word' id='word_1_35' title='bbox 615 828 784 890; x_wconf 81' lang='lat' dir='ltr'><strong>adtollentis.</strong></span> <span class='ocrx_word' id='word_1_36' title='bbox 800 829 883 891; x_wconf 76' lang='lat' dir='ltr'><strong>Adde</strong></span> <span class='ocrx_word' id='word_1_37' title='bbox 900 830 987 913; x_wconf 92' lang='lat' dir='ltr'><strong>quod</strong></span> <span class='ocrx_word' id='word_1_38' title='bbox 1007 830 1181 913; x_wconf 78' lang='lat' dir='ltr'><strong>Hispellum</strong></span> 
     </span>
     <span class='ocr_line' id='line_1_6' title="bbox 144 927 1181 1011; baseline -0.002 -21"><span class='ocrx_word' id='word_1_39' title='bbox 144 929 239 990; x_wconf 85' lang='lat' dir='ltr'><strong>solum</strong></span> <span class='ocrx_word' id='word_1_40' title='bbox 250 931 312 990; x_wconf 82' lang='lat' dir='ltr'><strong>noti</strong></span> <span class='ocrx_word' id='word_1_41' title='bbox 324 931 446 989; x_wconf 78' lang='lat' dir='ltr'><strong><em>Penates</em></strong></span> <span class='ocrx_word' id='word_1_42' title='bbox 457 928 561 988; x_wconf 84' lang='lat' dir='ltr'><strong>vocari</strong></span> <span class='ocrx_word' id='word_1_43' title='bbox 575 940 704 1009; x_wconf 86' lang='lat' dir='ltr'><strong>possunt</strong></span> <span class='ocrx_word' id='word_1_44' title='bbox 717 927 756 986; x_wconf 89' lang='lat' dir='ltr'><strong>ab</strong></span> <span class='ocrx_word' id='word_1_45' title='bbox 770 929 969 1010; x_wconf 84' lang='lat' dir='ltr'><strong>Horoseopo,</strong></span> <span class='ocrx_word' id='word_1_46' title='bbox 982 929 1096 1011; x_wconf 88' lang='lat' dir='ltr'><strong>partim</strong></span> <span class='ocrx_word' id='word_1_47' title='bbox 1110 948 1181 1010; x_wconf 68' lang='lat' dir='ltr'><strong>pro»</strong></span> 
     </span>
     <span class='ocr_line' id='line_1_7' title="bbox 143 1023 1180 1108; baseline 0 -22"><span class='ocrx_word' id='word_1_48' title='bbox 143 1040 205 1108; x_wconf 90' lang='lat' dir='ltr'><strong>pter</strong></span> <span class='ocrx_word' id='word_1_49' title='bbox 220 1025 373 1087; x_wconf 90' lang='lat' dir='ltr'><strong>coloniam</strong></span> <span class='ocrx_word' id='word_1_50' title='bbox 389 1027 557 1086; x_wconf 81' lang='lat' dir='ltr'><strong>Romanam</strong></span> <span class='ocrx_word' id='word_1_51' title='bbox 570 1045 586 1083; x_wconf 91' lang='lat' dir='ltr'><strong>a</strong></span> <span class='ocrx_word' id='word_1_52' title='bbox 601 1023 661 1084; x_wconf 84' lang='lat' dir='ltr'><strong>Jul.</strong></span> <span class='ocrx_word' id='word_1_53' title='bbox 679 1024 797 1085; x_wconf 74' lang='lat' dir='ltr'><strong>Caesare</strong></span> <span class='ocrx_word' id='word_1_54' title='bbox 812 1045 850 1086; x_wconf 90' lang='lat' dir='ltr'><strong>eo</strong></span> <span class='ocrx_word' id='word_1_55' title='bbox 869 1024 1053 1101; x_wconf 88' lang='lat' dir='ltr'><strong>deductam,</strong></span> <span class='ocrx_word' id='word_1_56' title='bbox 1067 1026 1180 1108; x_wconf 85' lang='lat' dir='ltr'><strong>partim</strong></span> 
     </span>
     <span class='ocr_line' id='line_1_8' title="bbox 143 1122 1179 1208; baseline -0.001 -23"><span class='ocrx_word' id='word_1_57' title='bbox 143 1136 264 1208; x_wconf 85' lang='lat' dir='ltr'><strong>propter</strong></span> <span class='ocrx_word' id='word_1_58' title='bbox 285 1123 433 1185; x_wconf 87' lang='lat' dir='ltr'><strong>balneum</strong></span> <span class='ocrx_word' id='word_1_59' title='bbox 457 1123 501 1184; x_wconf 93' lang='lat' dir='ltr'><strong>ibi</strong></span> <span class='ocrx_word' id='word_1_60' title='bbox 518 1122 831 1205; x_wconf 82' lang='lat' dir='ltr'><strong>frequentatissimum</strong></span> <span class='ocrx_word' id='word_1_61' title='bbox 841 1137 861 1184; x_wconf 90' lang='lat'><strong>¹.</strong></span> <span class='ocrx_word' id='word_1_62' title='bbox 877 1126 950 1186; x_wconf 77' lang='lat' dir='ltr'><strong>ilaec</strong></span> <span class='ocrx_word' id='word_1_63' title='bbox 968 1124 1076 1185; x_wconf 89' lang='lat' dir='ltr'><strong>omnia</strong></span> <span class='ocrx_word' id='word_1_64' title='bbox 1093 1125 1179 1185; x_wconf 89' lang='lat' dir='ltr'><strong>Don-</strong></span> 
     </span>
     <span class='ocr_line' id='line_1_9' title="bbox 143 1221 1180 1305; baseline -0.002 -23"><span class='ocrx_word' id='word_1_65' title='bbox 143 1221 212 1283; x_wconf 88' lang='lat' dir='ltr'><strong>nola</strong></span> <span class='ocrx_word' id='word_1_66' title='bbox 230 1222 329 1283; x_wconf 86' lang='lat' dir='ltr'><strong>fusius</strong></span> <span class='ocrx_word' id='word_1_67' title='bbox 346 1223 485 1305; x_wconf 87' lang='lat' dir='ltr'><strong>exposita</strong></span> <span class='ocrx_word' id='word_1_68' title='bbox 501 1224 748 1282; x_wconf 75' lang='lat' dir='ltr'><strong>testimoniorum</strong></span> <span class='ocrx_word' id='word_1_69' title='bbox 773 1221 1004 1282; x_wconf 89' lang='lat' dir='ltr'><strong>auctoritatibus</strong></span> <span class='ocrx_word' id='word_1_70' title='bbox 1029 1222 1180 1296; x_wconf 87' lang='lat' dir='ltr'><strong>munivit,</strong></span> 
     </span>
     <span class='ocr_line' id='line_1_10' title="bbox 142 1315 1178 1399; baseline 0 -21"><span class='ocrx_word' id='word_1_71' title='bbox 142 1317 203 1379; x_wconf 84' lang='lat' dir='ltr'><strong>aliis</strong></span> <span class='ocrx_word' id='word_1_72' title='bbox 228 1320 322 1382; x_wconf 86' lang='lat' dir='ltr'><strong>etiam</strong></span> <span class='ocrx_word' id='word_1_73' title='bbox 348 1319 469 1380; x_wconf 75' lang='lat' dir='ltr'><strong>levioris</strong></span> <span class='ocrx_word' id='word_1_74' title='bbox 492 1320 640 1379; x_wconf 82' lang='lat' dir='ltr'><strong>momenti</strong></span> <span class='ocrx_word' id='word_1_75' title='bbox 664 1318 854 1399; x_wconf 79' lang='lat' dir='ltr'><strong>argumentis</strong></span> <span class='ocrx_word' id='word_1_76' title='bbox 880 1315 1003 1398; x_wconf 87' lang='lat' dir='ltr'><strong>adjectis</strong></span> <span class='ocrx_word' id='word_1_77' title='bbox 1027 1315 1178 1399; x_wconf 83' lang='lat' dir='ltr'><strong>plurimis.</strong></span> 
     </span>
     <span class='ocr_line' id='line_1_11' title="bbox 142 1415 1181 1500; baseline -0.002 -22"><span class='ocrx_word' id='word_1_78' title='bbox 142 1417 288 1478; x_wconf 69' lang='lat' dir='ltr'><strong>Ceterum</strong></span> <span class='ocrx_word' id='word_1_79' title='bbox 306 1418 480 1500; x_wconf 86' lang='lat' dir='ltr'><strong>sepulcrum</strong></span> <span class='ocrx_word' id='word_1_80' title='bbox 498 1417 668 1500; x_wconf 86' lang='lat' dir='ltr'><strong>Propertii,</strong></span> <span class='ocrx_word' id='word_1_81' title='bbox 691 1418 855 1478; x_wconf 84' lang='lat' dir='ltr'><strong>recentiore</strong></span> <span class='ocrx_word' id='word_1_82' title='bbox 872 1429 959 1477; x_wconf 83' lang='lat' dir='ltr'><strong>tetate</strong></span> <span class='ocrx_word' id='word_1_83' title='bbox 982 1415 1111 1496; x_wconf 85' lang='lat' dir='ltr'><strong>Hispelli</strong></span> <span class='ocrx_word' id='word_1_84' title='bbox 1129 1415 1181 1476; x_wconf 90' lang='lat' dir='ltr'><strong>de·</strong></span> 
     </span>
     <span class='ocr_line' id='line_1_12' title="bbox 142 1512 1180 1598; baseline 0 -24"><span class='ocrx_word' id='word_1_85' title='bbox 142 1527 251 1574; x_wconf 90' lang='lat' dir='ltr'><strong>tectum</strong></span> <span class='ocrx_word' id='word_1_86' title='bbox 269 1513 346 1596; x_wconf 84' lang='lat' dir='ltr'><strong>(rid.</strong></span> <span class='ocrx_word' id='word_1_87' title='bbox 362 1514 444 1575; x_wconf 83' lang='lat' dir='ltr'><strong>infra</strong></span> <span class='ocrx_word' id='word_1_88' title='bbox 455 1535 524 1598; x_wconf 75' lang='lat' dir='ltr'><strong>pag.</strong></span> <span class='ocrx_word' id='word_1_89' title='bbox 538 1516 611 1595; x_wconf 87' lang='lat'><strong>30),</strong></span> <span class='ocrx_word' id='word_1_90' title='bbox 626 1534 692 1574; x_wconf 88' lang='lat' dir='ltr'><strong>non</strong></span> <span class='ocrx_word' id='word_1_91' title='bbox 706 1515 771 1575; x_wconf 86' lang='lat' dir='ltr'><strong>leve</strong></span> <span class='ocrx_word' id='word_1_92' title='bbox 786 1513 911 1598; x_wconf 79' lang='lat' dir='ltr'><strong>pondus</strong></span> <span class='ocrx_word' id='word_1_93' title='bbox 925 1513 1012 1574; x_wconf 87' lang='lat' dir='ltr'><strong>addit</strong></span> <span class='ocrx_word' id='word_1_94' title='bbox 1025 1512 1180 1574; x_wconf 81' lang='lat' dir='ltr'><strong>Donnolae</strong></span> 
     </span>
     <span class='ocr_line' id='line_1_13' title="bbox 141 1608 1180 1696; baseline -0.002 -23"><span class='ocrx_word' id='word_1_95' title='bbox 141 1614 313 1688; x_wconf 69' lang='lat' dir='ltr'><strong>sententiae,</strong></span> <span class='ocrx_word' id='word_1_96' title='bbox 331 1626 366 1673; x_wconf 91' lang='lat' dir='ltr'><strong>ut</strong></span> <span class='ocrx_word' id='word_1_97' title='bbox 384 1613 460 1674; x_wconf 83' lang='lat' dir='ltr'><strong>adeo</strong></span> <span class='ocrx_word' id='word_1_98' title='bbox 478 1614 675 1696; x_wconf 90' lang='lat' dir='ltr'><strong>Propertium</strong></span> <span class='ocrx_word' id='word_1_99' title='bbox 694 1613 902 1695; x_wconf 89' lang='lat' dir='ltr'><strong>inposterum</strong></span> <span class='ocrx_word' id='word_1_100' title='bbox 917 1608 1107 1693; x_wconf 82' lang='lat' dir='ltr'><strong>Hispellutem</strong></span> <span class='ocrx_word' id='word_1_101' title='bbox 1125 1609 1180 1671; x_wconf 90' lang='lat' dir='ltr'><strong>ba·</strong></span> 
     </span>
     <span class='ocr_line' id='line_1_14' title="bbox 141 1706 1181 1792; baseline -0.001 -24"><span class='ocrx_word' id='word_1_102' title='bbox 141 1708 276 1769; x_wconf 86' lang='lat' dir='ltr'><strong>bendum</strong></span> <span class='ocrx_word' id='word_1_103' title='bbox 293 1710 344 1769; x_wconf 85' lang='lat' dir='ltr'><strong>rix</strong></span> <span class='ocrx_word' id='word_1_104' title='bbox 367 1709 504 1770; x_wconf 90' lang='lat' dir='ltr'><strong>dubitari</strong></span> <span class='ocrx_word' id='word_1_105' title='bbox 528 1731 615 1792; x_wconf 90' lang='lat' dir='ltr'><strong>posse</strong></span> <span class='ocrx_word' id='word_1_106' title='bbox 634 1709 785 1770; x_wconf 85' lang='lat' dir='ltr'><strong>videatur.</strong></span> <span class='ocrx_word' id='word_1_107' title='bbox 807 1710 884 1770; x_wconf 86' lang='lat' dir='ltr'><strong>Satis</strong></span> <span class='ocrx_word' id='word_1_108' title='bbox 906 1709 1030 1769; x_wconf 88' lang='lat' dir='ltr'><strong>iuterim</strong></span> <span class='ocrx_word' id='word_1_109' title='bbox 1052 1706 1181 1768; x_wconf 87' lang='lat' dir='ltr'><strong>ridicule</strong></span> 
     </span>
     <span class='ocr_line' id='line_1_15' title="bbox 141 1805 1180 1868; baseline -0.001 -3"><span class='ocrx_word' id='word_1_110' title='bbox 141 1818 243 1866; x_wconf 90' lang='lat' dir='ltr'><strong>auctor</strong></span> <span class='ocrx_word' id='word_1_111' title='bbox 260 1808 391 1868; x_wconf 89' lang='lat' dir='ltr'><strong>Memor.</strong></span> <span class='ocrx_word' id='word_1_112' title='bbox 407 1806 537 1867; x_wconf 88' lang='lat' dir='ltr'><strong>Trirolt.</strong></span> <span class='ocrx_word' id='word_1_113' title='bbox 551 1806 621 1868; x_wconf 90' lang='lat' dir='ltr'><strong>loco</strong></span> <span class='ocrx_word' id='word_1_114' title='bbox 641 1805 723 1867; x_wconf 87' lang='lat' dir='ltr'><strong>infra</strong></span> <span class='ocrx_word' id='word_1_115' title='bbox 740 1805 921 1867; x_wconf 89' lang='lat' dir='ltr'><strong>laudando:</strong></span> <span class='ocrx_word' id='word_1_116' title='bbox 943 1805 1180 1866; x_wconf 78' lang='lat' dir='ltr'><strong>ul’accorderais</strong></span> 
     </span>
     <span class='ocr_line' id='line_1_16' title="bbox 143 1900 1181 1987; baseline -0.003 -23"><span class='ocrx_word' id='word_1_117' title='bbox 143 1924 232 1964; x_wconf 72' lang='lat' dir='ltr'><strong>asans</strong></span> <span class='ocrx_word' id='word_1_118' title='bbox 247 1903 410 1986; x_wconf 89' lang='lat' dir='ltr'><strong>beaucoup</strong></span> <span class='ocrx_word' id='word_1_119' title='bbox 427 1903 465 1965; x_wconf 96' lang='lat' dir='ltr'><strong>de</strong></span> <span class='ocrx_word' id='word_1_120' title='bbox 478 1905 567 1987; x_wconf 90' lang='lat' dir='ltr'><strong>peine</strong></span> <span class='ocrx_word' id='word_1_121' title='bbox 581 1907 599 1964; x_wconf 82' lang='lat' dir='ltr'><strong>lt</strong></span> <span class='ocrx_word' id='word_1_122' title='bbox 616 1902 759 1965; x_wconf 76' lang='lat' dir='ltr'><strong>Tbaddee</strong></span> <span class='ocrx_word' id='word_1_123' title='bbox 779 1903 926 1965; x_wconf 85' lang='lat' dir='ltr'><strong>Donnola</strong></span> <span class='ocrx_word' id='word_1_124' title='bbox 948 1901 1023 1986; x_wconf 88' lang='lat' dir='ltr'><strong>qu’il</strong></span> <span class='ocrx_word' id='word_1_125' title='bbox 1047 1903 1121 1962; x_wconf 83' lang='lat' dir='ltr'><strong>e‘tait</strong></span> <span class='ocrx_word' id='word_1_126' title='bbox 1142 1900 1181 1962; x_wconf 94' lang='lat' dir='ltr'><strong>de</strong></span> 
     </span>
     <span class='ocr_line' id='line_1_17' title="bbox 143 2000 1180 2086; baseline -0.004 -23"><span class='ocrx_word' id='word_1_127' title='bbox 143 2001 283 2084; x_wconf 72' lang='lat' dir='ltr'><strong>“Spello,</strong></span> <span class='ocrx_word' id='word_1_128' title='bbox 310 2002 415 2084; x_wconf 91' lang='lat' dir='ltr'><strong>quand</strong></span> <span class='ocrx_word' id='word_1_129' title='bbox 435 2002 458 2062; x_wconf 94' lang='lat' dir='ltr'><strong>il</strong></span> <span class='ocrx_word' id='word_1_130' title='bbox 480 2025 511 2064; x_wconf 85' lang='lat' dir='ltr'><strong>se</strong></span> <span class='ocrx_word' id='word_1_131' title='bbox 532 2004 622 2064; x_wconf 87' lang='lat' dir='ltr'><strong>serait</strong></span> <span class='ocrx_word' id='word_1_132' title='bbox 646 2000 780 2086; x_wconf 61' lang='lat' dir='ltr'><strong>&amp;parque</strong></span> <span class='ocrx_word' id='word_1_133' title='bbox 807 2003 845 2063; x_wconf 96' lang='lat' dir='ltr'><strong>de</strong></span> <span class='ocrx_word' id='word_1_134' title='bbox 868 2000 1035 2085; x_wconf 79' lang='lat' dir='ltr'><strong>prodiguer</strong></span> <span class='ocrx_word' id='word_1_135' title='bbox 1059 2012 1127 2060; x_wconf 87' lang='lat' dir='ltr'><strong>tant</strong></span> <span class='ocrx_word' id='word_1_136' title='bbox 1142 2000 1180 2060; x_wconf 89' lang='lat' dir='ltr'><strong>de</strong></span> 
     </span>
     <span class='ocr_line' id='line_1_18' title="bbox 144 2097 1182 2183; baseline -0.002 -25"><span class='ocrx_word' id='word_1_137' title='bbox 144 2098 303 2160; x_wconf 66' lang='lat' dir='ltr'><strong>“doctrine</strong></span> <span class='ocrx_word' id='word_1_138' title='bbox 321 2120 375 2161; x_wconf 85' lang='lat' dir='ltr'><strong>sur</strong></span> <span class='ocrx_word' id='word_1_139' title='bbox 390 2121 432 2160; x_wconf 92' lang='lat' dir='ltr'><strong>un</strong></span> <span class='ocrx_word' id='word_1_140' title='bbox 445 2098 523 2181; x_wconf 86' lang='lat' dir='ltr'><strong>sujet</strong></span> <span class='ocrx_word' id='word_1_141' title='bbox 533 2101 573 2161; x_wconf 92' lang='lat' dir='ltr'><strong>tel</strong></span> <span class='ocrx_word' id='word_1_142' title='bbox 586 2122 646 2183; x_wconf 87' lang='lat' dir='ltr'><strong>que</strong></span> <span class='ocrx_word' id='word_1_143' title='bbox 658 2099 793 2161; x_wconf 74' lang='lat' dir='ltr'><strong>celui-lb.</strong></span> <span class='ocrx_word' id='word_1_144' title='bbox 804 2125 818 2155; x_wconf 72' lang='lat' dir='ltr'><strong>n</strong></span> <span class='ocrx_word' id='word_1_145' title='bbox 834 2101 879 2160; x_wconf 88' lang='lat' dir='ltr'><strong>Ne</strong></span> <span class='ocrx_word' id='word_1_146' title='bbox 892 2100 987 2183; x_wconf 79' lang='lat' dir='ltr'><strong>igitur</strong></span> <span class='ocrx_word' id='word_1_147' title='bbox 1000 2112 1031 2158; x_wconf 90' lang='lat' dir='ltr'><strong>et</strong></span> <span class='ocrx_word' id='word_1_148' title='bbox 1043 2118 1101 2158; x_wconf 90' lang='lat' dir='ltr'><strong>nos</strong></span> <span class='ocrx_word' id='word_1_149' title='bbox 1117 2097 1182 2157; x_wconf 89' lang='lat' dir='ltr'><strong>cui·</strong></span> 
     </span>
     <span class='ocr_line' id='line_1_19' title="bbox 142 2191 1180 2279; baseline -0.003 -25"><span class='ocrx_word' id='word_1_150' title='bbox 142 2195 221 2275; x_wconf 90' lang='lat' dir='ltr'><strong>piam</strong></span> <span class='ocrx_word' id='word_1_151' title='bbox 242 2196 416 2279; x_wconf 86' lang='lat' dir='ltr'><strong>prolixitate</strong></span> <span class='ocrx_word' id='word_1_152' title='bbox 440 2198 536 2257; x_wconf 90' lang='lat' dir='ltr'><strong>nimia</strong></span> <span class='ocrx_word' id='word_1_153' title='bbox 557 2197 592 2256; x_wconf 91' lang='lat' dir='ltr'><strong>in</strong></span> <span class='ocrx_word' id='word_1_154' title='bbox 615 2195 724 2257; x_wconf 85' lang='lat' dir='ltr'><strong>haere</strong></span> <span class='ocrx_word' id='word_1_155' title='bbox 747 2198 940 2257; x_wconf 82' lang='lat' dir='ltr'><strong>occasionem</strong></span> <span class='ocrx_word' id='word_1_156' title='bbox 959 2194 1067 2255; x_wconf 88' lang='lat' dir='ltr'><strong>demus</strong></span> <span class='ocrx_word' id='word_1_157' title='bbox 1086 2191 1180 2252; x_wconf 82' lang='lat' dir='ltr'><strong>fidem</strong></span> 
     </span>
     <span class='ocr_line' id='line_1_20' title="bbox 142 2291 1000 2376; baseline 0.001 -26"><span class='ocrx_word' id='word_1_158' title='bbox 142 2291 291 2354; x_wconf 82' lang='lat' dir='ltr'><strong>Donuolae</strong></span> <span class='ocrx_word' id='word_1_159' title='bbox 304 2294 459 2370; x_wconf 85' lang='lat' dir='ltr'><strong>elevandi,</strong></span> <span class='ocrx_word' id='word_1_160' title='bbox 473 2292 602 2354; x_wconf 87' lang='lat' dir='ltr'><strong>verbum</strong></span> <span class='ocrx_word' id='word_1_161' title='bbox 614 2313 680 2354; x_wconf 89' lang='lat' dir='ltr'><strong>non</strong></span> <span class='ocrx_word' id='word_1_162' title='bbox 697 2293 829 2376; x_wconf 86' lang='lat' dir='ltr'><strong>amplius</strong></span> <span class='ocrx_word' id='word_1_163' title='bbox 843 2292 1000 2353; x_wconf 86' lang='lat' dir='ltr'><strong>addemus.</strong></span> 
     </span>
    </p>
   </div>
   <div class='ocr_carea' id='block_1_3' title="bbox 446 2493 859 2636">
    <p class='ocr_par' dir='ltr' id='par_1_3' title="bbox 446 2493 859 2636">
     <span class='ocr_line' id='line_1_21' title="bbox 452 2493 859 2563; baseline -0.002 -19"><span class='ocrx_word' id='word_1_164' title='bbox 452 2494 483 2544; x_wconf 85' lang='grc' dir='ltr'><strong>Δ.</strong></span> <span class='ocrx_word' id='word_1_165' title='bbox 499 2493 803 2563; x_wconf 79' lang='lat' dir='ltr'><strong>U.C.7113Propertii</strong></span> <span class='ocrx_word' id='word_1_166' title='bbox 819 2508 859 2544; x_wconf 91' lang='lat' dir='ltr'><strong>ro.</strong></span> 
     </span>
     <span class='ocr_line' id='line_1_22' title="bbox 446 2571 858 2636; baseline -0.007 -10"><span class='ocrx_word' id='word_1_167' title='bbox 446 2574 474 2626; x_wconf 89' lang='lat' dir='ltr'><strong>C.</strong></span> <span class='ocrx_word' id='word_1_168' title='bbox 488 2571 580 2626; x_wconf 81' lang='lat' dir='ltr'><strong>Vibius</strong></span> <span class='ocrx_word' id='word_1_169' title='bbox 592 2575 695 2636; x_wconf 70' lang='lat' dir='ltr'><strong>Pansa,</strong></span> <span class='ocrx_word' id='word_1_170' title='bbox 707 2576 738 2626; x_wconf 78' lang='lat' dir='ltr'><strong>A.</strong></span> <span class='ocrx_word' id='word_1_171' title='bbox 751 2575 858 2625; x_wconf 83' lang='lat' dir='ltr'><strong>Hirtius.</strong></span> 
     </span>
    </p>
   </div>
   <div class='ocr_carea' id='block_1_4' title="bbox 136 2755 1178 3329">
    <p class='ocr_par' dir='ltr' id='par_1_4' title="bbox 136 2755 1178 3329">
     <span class='ocr_line' id='line_1_23' title="bbox 174 2755 1177 2844; baseline 0.004 -28"><span class='ocrx_word' id='word_1_172' title='bbox 174 2755 293 2817; x_wconf 86' lang='lat' dir='ltr'><strong>Bellum</strong></span> <span class='ocrx_word' id='word_1_173' title='bbox 313 2757 497 2820; x_wconf 87' lang='lat' dir='ltr'><strong>Mutinense.</strong></span> <span class='ocrx_word' id='word_1_174' title='bbox 520 2761 648 2823; x_wconf 78' lang='lat' dir='ltr'><strong>Ovidius</strong></span> <span class='ocrx_word' id='word_1_175' title='bbox 668 2774 768 2823; x_wconf 86' lang='lat' dir='ltr'><strong>natus.</strong></span> <span class='ocrx_word' id='word_1_176' title='bbox 785 2764 872 2823; x_wconf 88' lang='lat' dir='ltr'><strong>Circa</strong></span> <span class='ocrx_word' id='word_1_177' title='bbox 886 2760 944 2823; x_wconf 88' lang='lat' dir='ltr'><strong>boc</strong></span> <span class='ocrx_word' id='word_1_178' title='bbox 964 2774 1105 2844; x_wconf 84' lang='lat' dir='ltr'><strong>tempus,</strong></span> <span class='ocrx_word' id='word_1_179' title='bbox 1129 2761 1177 2821; x_wconf 83' lang='lat' dir='ltr'><strong>vel</strong></span> 
     </span>
     <span class='ocr_line' id='line_1_24' title="bbox 140 2854 1178 2942; baseline 0.005 -29"><span class='ocrx_word' id='word_1_180' title='bbox 140 2868 213 2914; x_wconf 86' lang='lat' dir='ltr'><strong>certe</strong></span> <span class='ocrx_word' id='word_1_181' title='bbox 227 2875 293 2915; x_wconf 94' lang='lat' dir='ltr'><strong>non</strong></span> <span class='ocrx_word' id='word_1_182' title='bbox 308 2855 352 2914; x_wconf 92' lang='lat' dir='ltr'><strong>ita</strong></span> <span class='ocrx_word' id='word_1_183' title='bbox 365 2854 464 2917; x_wconf 90' lang='lat' dir='ltr'><strong>multo</strong></span> <span class='ocrx_word' id='word_1_184' title='bbox 479 2872 567 2939; x_wconf 89' lang='lat' dir='ltr'><strong>post,</strong></span> <span class='ocrx_word' id='word_1_185' title='bbox 584 2858 710 2920; x_wconf 80' lang='lat' dir='ltr'><strong>fortasse</strong></span> <span class='ocrx_word' id='word_1_186' title='bbox 724 2881 809 2921; x_wconf 90' lang='lat' dir='ltr'><strong>anno</strong></span> <span class='ocrx_word' id='word_1_187' title='bbox 825 2873 986 2942; x_wconf 82' lang='lat' dir='ltr'><strong>sequente,</strong></span> <span class='ocrx_word' id='word_1_188' title='bbox 1000 2873 1087 2942; x_wconf 89' lang='lat' dir='ltr'><strong>pater</strong></span> <span class='ocrx_word' id='word_1_189' title='bbox 1099 2860 1178 2918; x_wconf 85' lang='lat' dir='ltr'><strong>Pro·</strong></span> 
     </span>
     <span class='ocr_line' id='line_1_25' title="bbox 139 2953 1178 3038; baseline 0.005 -28"><span class='ocrx_word' id='word_1_190' title='bbox 139 2953 223 3032; x_wconf 90' lang='lat' dir='ltr'><strong>pertii</strong></span> <span class='ocrx_word' id='word_1_191' title='bbox 238 2965 379 3013; x_wconf 88' lang='lat' dir='ltr'><strong>mortuus</strong></span> <span class='ocrx_word' id='word_1_192' title='bbox 393 2954 432 3012; x_wconf 90' lang='lat' dir='ltr'><strong>sit</strong></span> <span class='ocrx_word' id='word_1_193' title='bbox 443 2974 561 3015; x_wconf 88' lang='lat' dir='ltr'><strong>necesse</strong></span> <span class='ocrx_word' id='word_1_194' title='bbox 578 2967 631 3015; x_wconf 90' lang='lat' dir='ltr'><strong>est.</strong></span> <span class='ocrx_word' id='word_1_195' title='bbox 650 2956 797 3037; x_wconf 75' lang='lat' dir='ltr'><strong>vulgaris</strong></span> <span class='ocrx_word' id='word_1_196' title='bbox 811 2971 881 3038; x_wconf 90' lang='lat' dir='ltr'><strong>post</strong></span> <span class='ocrx_word' id='word_1_197' title='bbox 895 2958 928 3016; x_wconf 90' lang='lat' dir='ltr'><strong>P.</strong></span> <span class='ocrx_word' id='word_1_198' title='bbox 941 2956 1097 3017; x_wconf 90' lang='lat' dir='ltr'><strong>Crinitum</strong></span> <span class='ocrx_word' id='word_1_199' title='bbox 1108 2976 1178 3015; x_wconf 85' lang='lat' dir='ltr'><strong>sen·</strong></span> 
     </span>
     <span class='ocr_line' id='line_1_26' title="bbox 138 3051 1176 3135; baseline 0.004 -28"><span class='ocrx_word' id='word_1_200' title='bbox 138 3051 245 3125; x_wconf 85' lang='lat' dir='ltr'><strong>tentia,</strong></span> <span class='ocrx_word' id='word_1_201' title='bbox 257 3070 350 3131; x_wconf 87' lang='lat' dir='ltr'><strong>quam</strong></span> <span class='ocrx_word' id='word_1_202' title='bbox 361 3064 391 3110; x_wconf 90' lang='lat' dir='ltr'><strong>et</strong></span> <span class='ocrx_word' id='word_1_203' title='bbox 399 3051 584 3113; x_wconf 82' lang='lat' dir='ltr'><strong>Maittairius</strong></span> <span class='ocrx_word' id='word_1_204' title='bbox 596 3067 626 3113; x_wconf 92' lang='lat' dir='ltr'><strong>et</strong></span> <span class='ocrx_word' id='word_1_205' title='bbox 637 3055 776 3130; x_wconf 87' lang='lat' dir='ltr'><strong>Crusius‚</strong></span> <span class='ocrx_word' id='word_1_206' title='bbox 787 3052 894 3135; x_wconf 72' lang='lat' dir='ltr'><strong>angli,</strong></span> <span class='ocrx_word' id='word_1_207' title='bbox 904 3066 1089 3135; x_wconf 88' lang='lat' dir='ltr'><strong>sequuntur,</strong></span> <span class='ocrx_word' id='word_1_208' title='bbox 1105 3052 1176 3125; x_wconf 87' lang='lat' dir='ltr'><strong>fert,</strong></span> 
     </span>
     <span class='ocr_line' id='line_1_27' title="bbox 136 3147 1177 3231; baseline 0.004 -27"><span class='ocrx_word' id='word_1_209' title='bbox 136 3165 221 3221; x_wconf 90' lang='lat' dir='ltr'><strong>eum,</strong></span> <span class='ocrx_word' id='word_1_210' title='bbox 240 3147 447 3208; x_wconf 70' lang='lat' dir='ltr'><strong>hantoniam</strong></span> <span class='ocrx_word' id='word_1_211' title='bbox 463 3162 646 3231; x_wconf 89' lang='lat' dir='ltr'><strong>sequutum,</strong></span> <span class='ocrx_word' id='word_1_212' title='bbox 664 3153 697 3210; x_wconf 91' lang='lat' dir='ltr'><strong>in</strong></span> <span class='ocrx_word' id='word_1_213' title='bbox 712 3152 856 3212; x_wconf 88' lang='lat' dir='ltr'><strong>Perusina</strong></span> <span class='ocrx_word' id='word_1_214' title='bbox 870 3149 956 3211; x_wconf 87' lang='lat' dir='ltr'><strong>clade</strong></span> <span class='ocrx_word' id='word_1_215' title='bbox 970 3151 1136 3224; x_wconf 90' lang='lat' dir='ltr'><strong>interiisse,</strong></span> <span class='ocrx_word' id='word_1_216' title='bbox 1147 3162 1177 3208; x_wconf 91' lang='lat' dir='ltr'><strong>et</strong></span> 
     </span>
     <span class='ocr_line' id='line_1_28' title="bbox 137 3243 1176 3329; baseline 0.003 -26"><span class='ocrx_word' id='word_1_217' title='bbox 137 3243 270 3305; x_wconf 88' lang='lat' dir='ltr'><strong>adaram</strong></span> <span class='ocrx_word' id='word_1_218' title='bbox 288 3244 351 3305; x_wconf 88' lang='lat' dir='ltr'><strong>divi</strong></span> <span class='ocrx_word' id='word_1_219' title='bbox 365 3246 442 3306; x_wconf 86' lang='lat' dir='ltr'><strong>Julii</strong></span> <span class='ocrx_word' id='word_1_220' title='bbox 458 3268 531 3308; x_wconf 92' lang='lat' dir='ltr'><strong>cum</strong></span> <span class='ocrx_word' id='word_1_221' title='bbox 549 3247 617 3308; x_wconf 87' lang='lat' dir='ltr'><strong>aliis</strong></span> <span class='ocrx_word' id='word_1_222' title='bbox 637 3249 790 3329; x_wconf 87' lang='lat' dir='ltr'><strong>equitibus</strong></span> <span class='ocrx_word' id='word_1_223' title='bbox 804 3270 839 3308; x_wconf 87' lang='lat' dir='ltr'><strong>ac</strong></span> <span class='ocrx_word' id='word_1_224' title='bbox 857 3248 1050 3310; x_wconf 86' lang='lat' dir='ltr'><strong>senatoribus</strong></span> <span class='ocrx_word' id='word_1_225' title='bbox 1064 3249 1176 3307; x_wconf 89' lang='lat' dir='ltr'><strong>immo·</strong></span> 
     </span>
    </p>
   </div>
   <div class='ocr_carea' id='block_1_5' title="bbox 135 3340 1247 3919">
    <p class='ocr_par' dir='ltr' id='par_1_5' title="bbox 135 3340 1247 3919">
     <span class='ocr_line' id='line_1_29' title="bbox 136 3340 1247 3428; baseline 0.002 -27"><span class='ocrx_word' id='word_1_226' title='bbox 136 3340 231 3402; x_wconf 87' lang='lat' dir='ltr'><strong>latum</strong></span> <span class='ocrx_word' id='word_1_227' title='bbox 245 3340 347 3404; x_wconf 86' lang='lat' dir='ltr'><strong>fuisse.</strong></span> <span class='ocrx_word' id='word_1_228' title='bbox 363 3345 530 3406; x_wconf 83' lang='lat' dir='ltr'><strong>Enimvero</strong></span> <span class='ocrx_word' id='word_1_229' title='bbox 545 3344 736 3408; x_wconf 84' lang='lat' dir='ltr'><strong>hauddubie</strong></span> <span class='ocrx_word' id='word_1_230' title='bbox 754 3346 824 3407; x_wconf 85' lang='lat' dir='ltr'><strong>falsi</strong></span> <span class='ocrx_word' id='word_1_231' title='bbox 837 3364 925 3423; x_wconf 88' lang='lat' dir='ltr'><strong>sunt,</strong></span> <span class='ocrx_word' id='word_1_232' title='bbox 942 3346 1023 3407; x_wconf 91' lang='lat' dir='ltr'><strong>hanc</strong></span> <span class='ocrx_word' id='word_1_233' title='bbox 1045 3344 1176 3428; x_wconf 84' lang='lat' dir='ltr'><strong>amplexi</strong></span> <span class='ocrx_word' id='word_1_234' title='bbox 1245 3369 1247 3373; x_wconf 59' lang='grc'>’</span> 
     </span>
     <span class='ocr_line' id='line_1_30' title="bbox 136 3434 1173 3527; baseline 0.004 -29"><span class='ocrx_word' id='word_1_235' title='bbox 136 3441 323 3521; x_wconf 90' lang='lat' dir='ltr'><strong>opinionem.</strong></span> <span class='ocrx_word' id='word_1_236' title='bbox 337 3441 479 3522; x_wconf 86' lang='lat' dir='ltr'><strong>Namque</strong></span> <span class='ocrx_word' id='word_1_237' title='bbox 490 3442 573 3503; x_wconf 92' lang='lat' dir='ltr'><strong>libro</strong></span> <span class='ocrx_word' id='word_1_238' title='bbox 585 3443 645 3519; x_wconf 62' lang='lat' dir='ltr'><strong>lv,</strong></span> <span class='ocrx_word' id='word_1_239' title='bbox 670 3465 699 3521; x_wconf 88' lang='lat' dir='ltr'><strong>r,</strong></span> <span class='ocrx_word' id='word_1_240' title='bbox 724 3447 794 3521; x_wconf 88' lang='lat'><strong>130,</strong></span> <span class='ocrx_word' id='word_1_241' title='bbox 815 3449 925 3527; x_wconf 82' lang='lat' dir='ltr'><strong>pertica</strong></span> <span class='ocrx_word' id='word_1_242' title='bbox 939 3448 1037 3519; x_wconf 64' lang='lat' dir='ltr'><strong>stistte,</strong></span> <span class='ocrx_word' id='word_1_243' title='bbox 1057 3434 1173 3526; x_wconf 76' lang='lat' dir='ltr'><strong>qnae&#39;in</strong></span> 
     </span>
     <span class='ocr_line' id='line_1_31' title="bbox 135 3537 1174 3626; baseline 0.008 -34"><span class='ocrx_word' id='word_1_244' title='bbox 135 3537 165 3595; x_wconf 76' lang='lat' dir='ltr'><strong>A.</strong></span> <span class='ocrx_word' id='word_1_245' title='bbox 178 3538 216 3597; x_wconf 89' lang='lat' dir='ltr'><strong>U.</strong></span> <span class='ocrx_word' id='word_1_246' title='bbox 234 3537 290 3618; x_wconf 84' lang='lat'><strong>7¹3</strong></span> <span class='ocrx_word' id='word_1_247' title='bbox 311 3537 434 3615; x_wconf 91' lang='lat' dir='ltr'><strong>incidit,</strong></span> <span class='ocrx_word' id='word_1_248' title='bbox 449 3537 648 3621; x_wconf 79' lang='lat' dir='ltr'><strong>subjungitur</strong></span> <span class='ocrx_word' id='word_1_249' title='bbox 661 3543 755 3601; x_wconf 90' lang='lat' dir='ltr'><strong>morti</strong></span> <span class='ocrx_word' id='word_1_250' title='bbox 771 3544 867 3626; x_wconf 86' lang='lat' dir='ltr'><strong>patris</strong></span> <span class='ocrx_word' id='word_1_251' title='bbox 886 3544 1056 3626; x_wconf 87' lang='lat' dir='ltr'><strong>Propertii,</strong></span> <span class='ocrx_word' id='word_1_252' title='bbox 1076 3562 1174 3623; x_wconf 91' lang='lat' dir='ltr'><strong>quum</strong></span> 
     </span>
     <span class='ocr_line' id='line_1_32' title="bbox 136 3632 1173 3724; baseline 0.008 -31"><span class='ocrx_word' id='word_1_253' title='bbox 136 3632 278 3695; x_wconf 88' lang='lat' dir='ltr'><strong>Perusina</strong></span> <span class='ocrx_word' id='word_1_254' title='bbox 291 3634 406 3696; x_wconf 90' lang='lat' dir='ltr'><strong>deditio</strong></span> <span class='ocrx_word' id='word_1_255' title='bbox 421 3637 453 3696; x_wconf 92' lang='lat' dir='ltr'><strong>in</strong></span> <span class='ocrx_word' id='word_1_256' title='bbox 466 3640 499 3696; x_wconf 80' lang='lat' dir='ltr'><strong>A.</strong></span> <span class='ocrx_word' id='word_1_257' title='bbox 512 3639 550 3697; x_wconf 89' lang='lat' dir='ltr'><strong>U.</strong></span> <span class='ocrx_word' id='word_1_258' title='bbox 569 3652 745 3722; x_wconf 80' lang='lat' dir='ltr'><strong>sequentem</strong></span> <span class='ocrx_word' id='word_1_259' title='bbox 762 3639 820 3724; x_wconf 73' lang='lat'><strong>7¹4</strong></span> <span class='ocrx_word' id='word_1_260' title='bbox 834 3639 960 3701; x_wconf 89' lang='lat' dir='ltr'><strong>demum</strong></span> <span class='ocrx_word' id='word_1_261' title='bbox 975 3640 1100 3701; x_wconf 89' lang='lat' dir='ltr'><strong>incidat.</strong></span> <span class='ocrx_word' id='word_1_262' title='bbox 1115 3641 1173 3701; x_wconf 87' lang='lat' dir='ltr'><strong>Ne-</strong></span> 
     </span>
     <span class='ocr_line' id='line_1_33' title="bbox 135 3732 1173 3819; baseline 0.008 -28"><span class='ocrx_word' id='word_1_263' title='bbox 135 3749 189 3810; x_wconf 90' lang='lat' dir='ltr'><strong>que</strong></span> <span class='ocrx_word' id='word_1_264' title='bbox 205 3746 294 3815; x_wconf 87' lang='lat' dir='ltr'><strong>poeta</strong></span> <span class='ocrx_word' id='word_1_265' title='bbox 311 3732 377 3794; x_wconf 81' lang='lat' dir='ltr'><strong>hoec</strong></span> <span class='ocrx_word' id='word_1_266' title='bbox 395 3749 535 3819; x_wconf 85' lang='lat' dir='ltr'><strong>tempora</strong></span> <span class='ocrx_word' id='word_1_267' title='bbox 558 3737 693 3819; x_wconf 76' lang='lat' dir='ltr'><strong>Augusto</strong></span> <span class='ocrx_word' id='word_1_268' title='bbox 716 3741 749 3799; x_wconf 91' lang='lat' dir='ltr'><strong>in</strong></span> <span class='ocrx_word' id='word_1_269' title='bbox 773 3742 956 3800; x_wconf 88' lang='lat' dir='ltr'><strong>memoriam</strong></span> <span class='ocrx_word' id='word_1_270' title='bbox 977 3754 1173 3799; x_wconf 85' lang='lat' dir='ltr'><strong>revocaturus</strong></span> 
     </span>
     <span class='ocr_line' id='line_1_34' title="bbox 135 3825 1172 3919; baseline 0.011 -33"><span class='ocrx_word' id='word_1_271' title='bbox 135 3825 220 3889; x_wconf 78' lang='lat' dir='ltr'><strong>tuisse</strong></span> <span class='ocrx_word' id='word_1_272' title='bbox 240 3828 372 3890; x_wconf 88' lang='lat' dir='ltr'><strong>videtur.</strong></span> <span class='ocrx_word' id='word_1_273' title='bbox 386 3830 513 3900; x_wconf 51' lang='lat' dir='ltr'><strong>¹Phrasis</strong></span> <span class='ocrx_word' id='word_1_274' title='bbox 533 3853 659 3917; x_wconf 89' lang='lat' dir='ltr'><strong>quoque</strong></span> <span class='ocrx_word' id='word_1_275' title='bbox 677 3856 741 3896; x_wconf 86' lang='lat' dir='ltr'><strong>ossa</strong></span> <span class='ocrx_word' id='word_1_276' title='bbox 767 3833 857 3919; x_wconf 70' lang='lat' dir='ltr'><strong>leque</strong></span> <span class='ocrx_word' id='word_1_277' title='bbox 880 3837 993 3897; x_wconf 87' lang='lat' dir='ltr'><strong>indicat</strong></span> <span class='ocrx_word' id='word_1_278' title='bbox 1015 3834 1098 3897; x_wconf 90' lang='lat' dir='ltr'><strong>haud</strong></span> <span class='ocrx_word' id='word_1_279' title='bbox 1117 3836 1172 3896; x_wconf 92' lang='lat' dir='ltr'><strong>ob·</strong></span> 
     </span>
    </p>
   </div>
   <div class='ocr_carea' id='block_1_6' title="bbox 168 4032 877 4110">
    <p class='ocr_par' dir='ltr' id='par_1_6' title="bbox 168 4032 877 4110">
     <span class='ocr_line' id='line_1_35' title="bbox 168 4032 877 4110; baseline 0.013 -28"><span class='ocrx_word' id='word_1_280' title='bbox 168 4047 189 4082; x_wconf 87' lang='lat'><strong>1.</strong></span> <span class='ocrx_word' id='word_1_281' title='bbox 200 4032 267 4085; x_wconf 83' lang='lat' dir='ltr'><strong>Vide</strong></span> <span class='ocrx_word' id='word_1_282' title='bbox 279 4053 328 4087; x_wconf 87' lang='lat' dir='ltr'><strong>uos</strong></span> <span class='ocrx_word' id='word_1_283' title='bbox 342 4035 376 4087; x_wconf 90' lang='lat' dir='ltr'><strong>ad</strong></span> <span class='ocrx_word' id='word_1_284' title='bbox 387 4037 514 4109; x_wconf 87' lang='lat' dir='ltr'><strong>Propertii</strong></span> <span class='ocrx_word' id='word_1_285' title='bbox 525 4037 613 4090; x_wconf 83' lang='lat' dir='ltr'><strong>locum</strong></span> <span class='ocrx_word' id='word_1_286' title='bbox 625 4037 684 4109; x_wconf 84' lang='lat' dir='ltr'><strong>(lv,</strong></span> <span class='ocrx_word' id='word_1_287' title='bbox 700 4055 708 4092; x_wconf 89' lang='lat' dir='ltr'><strong>r</strong></span> <span class='ocrx_word' id='word_1_288' title='bbox 720 4077 729 4104; x_wconf 85' lang='lat'><strong>,</strong></span> <span class='ocrx_word' id='word_1_289' title='bbox 747 4057 790 4092; x_wconf 81' lang='lat' dir='ltr'><strong>rar</strong></span> <span class='ocrx_word' id='word_1_290' title='bbox 800 4041 819 4110; x_wconf 85' lang='lat'><strong>).</strong></span> <span class='ocrx_word' id='word_1_291' title='bbox 832 4041 877 4091; x_wconf 83' lang='lat' dir='ltr'><strong>En.</strong></span> 
     </span>
    </p>
   </div>
   <div class='ocr_carea' id='block_1_7' title="bbox 0 0 1328 4792">
    <p class='ocr_par' dir='ltr' id='par_1_7' title="bbox 0 0 1328 4792">
     <span class='ocr_line' id='line_1_36' title="bbox 0 0 1328 4792; baseline 0 2"><span class='ocrx_word' id='word_1_292' title='bbox 0 0 1328 4792; x_wconf 95' lang='lat' dir='ltr'><strong> </strong></span> 
     </span>
    </p>
   </div>
  </div>
 </body>
</html>
