2648 4792
125 367 167 431 28
442 363 704 428 PROPERTII
730 364 840 428 VITA

121 511 202 572 pote,
218 491 238 548 i.
251 509 277 548 e.
292 501 483 570 opportune:
496 508 554 548 nos
567 487 634 547 sine
648 486 866 569 praepositione
876 485 1010 548 dicimus
1028 500 1168 570 tempore,

122 599 286 668 temporum
300 601 307 628 ¹

441 702 473 752 Δ.
489 702 520 752 U.
533 700 564 752 C.
580 700 646 770 7393
662 700 791 772 Propertii
805 700 848 752 38.

376 782 413 833 Μ.
425 781 526 834 Drusus
537 779 620 842 Libo;
632 782 661 832 L.
674 779 834 851 Calpurnius
845 779 914 832 Piso.

164 923 308 1006 Cyziceni
327 923 501 984 libertatem
524 923 563 983 ab
583 924 720 1003 Augusto
738 923 772 981 Δ.
791 922 829 982 U.
844 919 902 1002 734
919 920 1073 981 ademtam
1087 941 1172 981 recu·

124 1034 243 1104 perant.
267 1020 416 1081 Sicambri
443 1023 617 1102 Augustum
640 1019 820 1102 compositis
846 1030 1031 1079 venerantur
1053 1017 1170 1094 armis,

123 1120 213 1179 sicuti
226 1120 374 1180 Horatius
382 1120 466 1180 cauit
476 1119 579 1179 Carm.
590 1119 641 1196 lv,
663 1116 712 1195 rb,
726 1116 845 1179 51-52
854 1162 863 1190 ,
873 1116 951 1177 dum
964 1116 1091 1194 scilicet,
1108 1117 1170 1176 Au·

123 1229 213 1297 gusto
234 1229 304 1299 post
326 1216 444 1278 cladem
472 1216 647 1277 Lollianam
675 1216 760 1298 (qua
786 1215 959 1275 secundum
978 1215 1113 1274 Dionem
1135 1214 1171 1272 in

122 1335 243 1376 annum
272 1315 493 1399 precedentem
524 1317 582 1398 738
610 1315 739 1393 incidit)
762 1315 904 1375 Variana
928 1311 1171 1395 comparandam

122 1415 211 1493 (vide
223 1418 347 1477 Sueton.
363 1417 470 1476 Octav.
496 1414 552 1494 23)
574 1416 740 1475 exercitum
763 1427 872 1474 contra
897 1411 967 1473 illos
983 1411 1172 1486 adducente,

123 1514 156 1572 in
171 1534 241 1574 suas
263 1516 389 1594 regressi
411 1527 525 1590 terras,
542 1512 701 1574 obsidibus
728 1511 823 1587 datis,
846 1532 954 1594 pacem
978 1521 1171 1592 acceperunt.

124 1610 204 1671 Vide
226 1631 295 1694 quae
317 1614 350 1672 in
376 1610 458 1673 banc
480 1632 546 1671 rem
569 1611 738 1693 disputavit
750 1611 929 1684 Massonus,
950 1621 1016 1669 tam
1046 1609 1080 1668 in
1099 1607 1171 1666 Vita

122 1705 215 1766 Ovid.
234 1707 273 1767 ad
284 1705 316 1766 b.
332 1727 360 1766 a.
376 1728 473 1790 quam
485 1709 520 1768 in
531 1708 603 1769 Vita
620 1711 730 1770 Horat.
749 1729 818 1791 pag.
834 1708 892 1787 319
906 1720 937 1767 et
950 1703 1007 1781 343
1022 1725 1087 1786 sqq.
1102 1705 1172 1763 llu-

117 1798 168 1881 jus
184 1801 278 1883 ipsius
298 1804 341 1863 rei
352 1804 495 1863 meminit
508 1824 631 1885 quoque
647 1806 826 1886 Propertius
846 1803 959 1865 celebri
973 1801 1028 1862 ilio
1041 1820 1136 1860 carm.
1151 1801 1172 1862 6

123 1898 194 1958 libri
211 1901 265 1977 IV,
283 1901 368 1984 quod
381 1901 458 1962 adeo
478 1904 678 1964 novissimam
696 1903 832 1964 continet
846 1903 995 1984 temporis
1013 1912 1121 1960 notam
1138 1900 1172 1958 in

123 1993 187 2077 ejus
214 2000 424 2077 carminibus,
443 2015 479 2061 ut
498 2001 659 2082 probabile
682 2003 722 2062 sit
744 2000 803 2062 boc
824 2019 949 2061 carmen
961 1995 1010 2058 iel
1029 1994 1088 2056 hoc
1106 1997 1173 2078 ipso

123 2113 226 2172 anno,
240 2096 289 2157 vel
305 2097 362 2158 sub
376 2097 469 2157 finem
488 2099 689 2180 praecedentis
702 2098 794 2175 anni,
810 2117 915 2157 mense
932 2093 1085 2177 Septemb.
1099 2092 1172 2153 scri·

123 2205 213 2273 ptum
238 2216 319 2273 esse,
342 2216 406 2278 quo
425 2209 565 2278 tempore
583 2197 733 2258 nimirum
754 2195 821 2256 ludi
840 2192 1102 2278 quinquennales,
1131 2191 1172 2252 ab

73 2292 77 2305 '
123 2289 261 2370 Augusto
282 2293 316 2353 in
337 2294 517 2353 memoriam
545 2296 674 2355 Actiaca
697 2294 833 2354 vlctoriae
856 2290 1007 2367 instituti,
1029 2288 1172 2351 celebrati

123 2384 210 2448 luere
222 2390 392 2450 secundnm
405 2392 498 2452 Dion.
516 2393 595 2453 LIV.
607 2393 687 2452 Nam
706 2391 808 2475 potuit
819 2389 994 2472 Propertius
1010 2400 1172 2467 tamquam

123 2495 207 2543 vates
221 2486 314 2546 etiam
331 2485 371 2546 de
383 2507 415 2547 re
428 2502 509 2548 certo
520 2500 640 2570 sperata
652 2501 682 2549 et
690 2488 828 2570 proxime
840 2486 947 2546 futura
957 2503 1085 2544 canere:

310 2645 352 2694 Ille
359 2647 486 2710 paludosos
495 2663 610 2697 memoret
619 2651 707 2697 servire
715 2648 859 2704 Sicambros,

2 2826 6 2833 ·
123 2804 212 2844 versu
237 2806 287 2868 77.
304 2787 344 2848 Et
361 2788 484 2849 videtur
505 2811 577 2850 sane
600 2788 657 2851 boc
675 2810 799 2851 carmen
815 2791 848 2850 in
871 2787 925 2847 illa
942 2785 1116 2847 celebritate
1139 2784 1174 2842 in

123 2878 278 2943 bonorem
288 2885 415 2968 Augusti
427 2887 573 2971 scripturn
588 2908 650 2948 esse
662 2887 702 2948 ab
714 2885 839 2947 Aurelio
854 2897 975 2957 nostr03
988 2895 1024 2942 ut
1036 2879 1111 2940 adeo
1124 2879 1173 2939 vel

123 2974 182 3039 boc
198 2993 316 3041 sextum
328 2981 377 3042 vel
391 2982 592 3045 undecimum
604 2984 678 3045 libri
694 2985 798 3066 quarti
813 3003 873 3065 pro
890 2981 1073 3052 novissimo,
1089 2974 1173 3057 quod

124 3097 160 3136 ex
183 3078 311 3160 ingenio
335 3083 490 3163 Propertii
515 3083 655 3160 fluxerit,
678 3081 857 3144 habendum
882 3082 929 3139 sit.
953 3080 1032 3138 Nam
1054 3075 1173 3156 reliqua

123 3175 244 3251 omnia,
256 3197 324 3258 quoe
337 3175 389 3238 ille
401 3180 539 3239 continet
555 3179 649 3254 liber,
663 3177 855 3239 hauddubie
872 3175 911 3235 ab
923 3175 1023 3234 amico
1036 3171 1175 3253 quodam

124 3282 220 3348 poetae
236 3284 304 3351 post
318 3285 448 3332 mortem
467 3271 550 3333 illius
570 3273 686 3347 editus,
701 3286 833 3354 possunt
855 3270 955 3330 multo
972 3280 1043 3329 ante
1061 3266 1175 3347 scripta

124 3384 205 3443 esse,
224 3367 366 3449 inprimis
384 3370 509 3429 tertium
527 3369 583 3448 (cf.
605 3389 697 3452 supra
713 3367 753 3428 ad
771 3370 805 3428 A.
827 3369 865 3427 U.
879 3368 969 3451 731),
986 3384 1084 3447 quum
1103 3363 1176 3422 Ovi·

124 3462 193 3523 dius
205 3486 332 3547 quoque
342 3467 485 3549 epistolas
497 3467 647 3528 Heroidd.
660 3466 772 3528 adhoc
784 3465 959 3549 exemplum
973 3463 1174 3544 compositas,

131 3562 225 3643 paulo
246 3579 314 3646 post
333 3567 365 3626 id
388 3581 509 3648 tempus
531 3565 671 3627 ediderit.
697 3566 829 3626 Carmen
847 3566 1013 3647 septimum
1028 3581 1114 3633 vcro,
1140 3561 1174 3620 in

125 3671 256 3720 mortem
268 3661 427 3744 Cynthiae,
445 3665 539 3723 etiam
555 3677 627 3724 ante
643 3663 791 3745 scriptum
809 3664 849 3722 sit
872 3673 1008 3745 oportet,
1025 3655 1175 3739 quemad·

126 3757 254 3819 modum
267 3775 410 3821 octavum
425 3764 459 3822 in
471 3762 569 3823 multo
588 3763 676 3845 prius
697 3777 819 3844 tempus
834 3760 958 3833 incidit;
972 3759 1054 3840 quod
1069 3770 1173 3816 tamen

126 3869 234 3938 poeta,
245 3861 316 3921 viva
325 3859 426 3922 adhuc
438 3860 590 3943 Cynthia,
601 3860 691 3922 edere
702 3862 827 3923 fortasse
839 3861 950 3922 noluit.
961 3859 1066 3938 Quum
1080 3857 1175 3937 igitur

166 4046 188 4081 ι.
203 4030 268 4085 Vide
282 4047 339 4087 not.
355 4034 387 4086 ad
402 4036 530 4106 Propertii
544 4033 642 4088 locum.
656 4037 702 4086 lio.
