2648 4792
139 422 177 466 ιο
458 397 715 462 PROPERTll
738 400 848 464 VITA

132 542 234 597 sonre,
254 535 374 604 patrem
389 519 538 602 Propertii
553 518 638 581 domi
650 521 754 603 potius
768 540 829 581 suae
844 532 1020 599 mortuum3
1041 545 1117 586 num
1136 547 1172 586 ex

132 620 261 682 vulnere
283 620 316 679 in
334 639 372 680 eo
385 616 467 679 bello
486 630 629 699 accepto,
646 638 688 679 an
706 638 741 679 ex
759 619 868 681 doloro
887 640 1011 704 quoque
1029 621 1068 684 de
1087 623 1172 684 fama

132 737 278 798 agrorum
299 713 452 779 militibus
471 713 772 791 distribuendorum,
789 716 949 778 incertum.
966 720 1034 780 lloo
1049 719 1173 780 dubita·

132 816 218 875 tione
232 826 330 888 carot,
345 826 443 894 poetar
459 813 693 873 nostrimtatem
706 826 772 872 tum
792 811 892 875 adbuc
909 827 1046 877 teneram
1060 815 1173 891 fuisse,

133 931 231 991 quum
243 923 330 994 pater
341 911 399 993 ipsi
411 909 594 992 eripereturt
605 907 667 969 rid.
679 910 713 971 l.
726 911 762 970 U.
773 907 842 992 714·

456 1067 486 1117 A.
499 1066 533 1118 U.
545 1065 575 1118 G
586 1065 654 1135 7133
667 1067 797 1139 Propertii
812 1083 852 1120 υ.

334 1146 363 1198 P.
378 1146 501 1200 Servilius
513 1148 589 1199 Vatia
602 1147 733 1201 lsaurious
743 1149 780 1209 113
793 1148 822 1200 L.
835 1147 975 1202 Antonius.

173 1279 349 1343 Octavianos
369 1280 491 1362 pertica
509 1279 634 1343 metatio
650 1281 744 1342 etiam
766 1281 1069 1363 Propertiouostro,
1087 1292 1176 1361 patre

129 1378 194 1459 jam
213 1379 340 1452 orbato,
363 1378 532 1439 maximam
553 1399 699 1461 agrorum
720 1391 840 1461 partem
860 1377 976 1453 aufem
997 1399 1060 1458 qua
1081 1377 1120 1439 de
1142 1398 1176 1439 re

133 1488 225 1557 poeta
238 1476 294 1551 lv,
315 1495 346 1551 r,
363 1496 438 1556 129:

318 1625 378 1670 Nam
385 1635 426 1670 tua
435 1637 508 1687 quum
518 1622 585 1670 mulsi
593 1636 712 1671 versarent
721 1638 776 1671 rura
780 1624 888 1686 juvenci,

345 1692 805 1759 Abstulitexeulraspsrtirutristiroper.

133 1828 180 1889 Gi.
204 1827 317 1912 Heynii
334 1828 396 1889 Vit.
422 1828 529 1912 virgil.
554 1849 609 1911 per
632 1849 732 1889 annos
755 1827 859 1911 digest.
881 1825 1023 1887 adhunc
1045 1847 1175 1887 annum.

132 1927 221 1988 Circa
240 1926 322 1988 bano
344 1941 557 2012 tempestatem
579 1927 721 1991 Tibullus
744 1950 810 1991 non
837 1940 938 2012 potest
960 1949 1040 2010 puer
1063 1948 1177 1987 novem

133 2045 286 2085 annorum
299 2024 407 2101 fuisse,
424 2027 577 2109 quoniam
590 2026 685 2108 longe
699 2025 786 2087 aliter
801 2023 840 2087 de
852 2024 911 2086 hac
926 2024 1012 2086 clade
1025 2025 1176 2104 loquitur,

133 2141 228 2202 quam
239 2123 287 2184 vel
299 2124 422 2198 Noster,
438 2123 580 2206 inprimis
594 2123 648 2199 lv,
664 2145 694 2198 r,
709 2123 860 2203 184-191
875 2145 882 2179 ι

320 2260 380 2307 Nam
391 2257 449 2306 mibi
459 2275 533 2323 quum
543 2260 633 2325 mapula
640 2258 724 2322 opibus
732 2257 817 2305 domus
826 2258 873 2306 alta
880 2259 976 2316 niterer,

318 2329 361 2374 Cui
370 2328 464 2376 luerent
473 2329 527 2376 llari
535 2329 634 2376 dltanoes
642 2328 722 2375 ordine
732 2327 789 2375 sulci

320 2402 422 2458 liorrea,
431 2401 550 2449 loeeundn
558 2400 589 2447 ad
597 2400 730 2448 deficientis
741 2415 839 2457 messes,

319 2473 409 2534 Cuique
419 2488 490 2534 pecus
498 2472 570 2520 demo
578 2471 702 2535 paseebsnt
710 2472 801 2535 aquiiae
809 2468 902 2524 correo,

320 2546 347 2589 Et
359 2543 454 2591 domiuo
464 2547 531 2602 satis,
540 2556 564 2591 et
573 2545 671 2591 nimium
681 2543 776 2607 furique
784 2542 900 2607 lupoqne;

321 2612 388 2658 Nunc
396 2612 534 2660 desiderium
544 2625 647 2676 superest
659 2630 664 2660 :
676 2629 729 2659 nam
739 2628 795 2660 eura
805 2623 915 2666 noratur,

318 2684 397 2743 Quum
406 2698 497 2730 memor
505 2692 618 2730 anteactos
626 2697 717 2745 semper
725 2681 792 2729 dolor
801 2681 998 2728 admoneremus.

318 2752 363 2800 ssd
371 2752 425 2801 licet
433 2756 552 2817 asperiora
561 2754 656 2812 ordros,
665 2753 797 2818 spolierque
805 2752 904 2810 relictis,
914 2762 959 2797 etc,

136 2880 214 2955 Etl,
233 2902 263 2956 ι,
282 2901 413 2962 19-222

319 3034 366 3079 Vos
374 3048 470 3096 quoque
479 3031 552 3079 feucis
560 3032 693 3095 quondam,
702 3049 764 3083 nune
775 3035 885 3096 pauperis
893 3035 942 3095 0qu

349 3102 473 3160 Custodes,
482 3103 547 3150 fertis
556 3118 654 3151 munera
664 3117 751 3161 veura,
762 3105 839 3151 Lares.

318 3175 384 3220 'lune
394 3173 466 3221 vitula
475 3174 610 3221 innumeros
617 3172 731 3220 lustrabat
739 3190 798 3221 ειη
804 3176 917 3236 juvencos
926 3189 933 3226 ;

350 3247 418 3292 Nunc
427 3261 487 3308 aqna
496 3247 571 3307 eripui
580 3256 615 3292 est
623 3245 699 3292 nouis
714 3261 797 3308 magns
806 3244 855 3291 soli.

136 3380 257 3461 Ubique
266 3395 427 3461 tamquam
435 3379 581 3440 dominus
591 3391 621 3438 et
630 3377 850 3461 paterfamilias
858 3421 867 3453 ,
876 3377 931 3458 qui
944 3375 1011 3457 ipse
1017 3393 1082 3434 rem
1092 3391 1179 3433 suam

136 3475 320 3539 familiarem
334 3490 422 3537 curat
433 3489 463 3537 et
477 3475 689 3550 administrat,
701 3473 788 3557 loqui
799 3473 876 3534 mibi
889 3472 1017 3533 videtur.
1032 3472 1181 3530 Praeterea

138 3575 311 3657 Propertius
331 3575 424 3635 etiam
451 3571 602 3656 majorem
625 3570 730 3633 fecisse
748 3571 902 3654 jacturam
921 3570 1059 3641 videtur,
1084 3586 1181 3646 quam

134 3670 290 3732 Tibullus:
307 3694 380 3733 nam
398 3673 559 3756 Propertio
571 3691 665 3752 parua
680 3669 760 3730 domi
767 3671 894 3754 fortuna
911 3667 1009 3730 relicta
1028 3678 1094 3726 erat
1114 3663 1181 3741 (ll,

136 3765 193 3844 34,
211 3769 277 3848 55),
290 3770 373 3831 unde
386 3772 479 3831 etiam
494 3768 622 3850 Augusti
634 3782 665 3828 et
675 3768 850 3828 Maecenatis
864 3768 997 3828 maxime
1011 3760 1181 3823 liberalita-

136 3879 196 3923 tem
214 3864 392 3948 implorasse
405 3866 574 3927 credendus
587 3878 649 3940 est,
668 3864 754 3947 quod
767 3864 909 3925 Tibullus
923 3882 987 3924 non
1003 3860 1084 3923 lecit.
1103 3855 1181 3918 Vide

138 3962 169 4019 in
181 3961 261 4024 banc
273 3985 336 4024 rem
351 3967 368 4024 J
372 4009 379 4023 .
394 3966 507 4025 Dousae
518 3961 646 4024 Praecid.
661 3964 695 4023 in
708 3963 822 4026 Tibull.
836 3984 903 4046 cap.
920 3964 964 4023 18.
