2648 4792
400 388 904 538 unuettltuu

267 694 573 923 trouu
615 678 1039 850 PRIMUS?

170 1133 254 1186 ‘Non
270 1135 333 1186 tatis
347 1134 470 1188 ridentur
484 1135 634 1190 adtendisse
679 1154 739 1188 men
753 1136 781 1187 in
797 1135 868 1188 libris
880 1154 959 1207 regna
969 1137 1044 1189 luere
1054 1136 1118 1203 tois,
1131 1158 1143 1185 ι
1155 1148 1183 1188 et

138 1213 230 1279 critici,
241 1220 324 1284 quum
335 1213 440 1266 titulum
451 1216 567 1269 Crnrnu
579 1214 635 1266 Mo·
679 1235 741 1268 mox
754 1234 792 1268 va.
809 1233 856 1285 77,
873 1239 883 1261 ι
894 1217 925 1266 Et
936 1234 1112 1288 quotcumque
1123 1233 1181 1269 meo

137 1305 270 1356 rortmos,
281 1292 309 1344 in
319 1293 424 1363 scriptia
435 1292 578 1346 codicibus
592 1293 635 1344 in·
679 1296 765 1348 fecisti
776 1296 882 1346 contine
895 1312 1002 1361 versut,
1013 1298 1066 1348 Ure
1078 1293 1179 1361 milri,-

136 1368 217 1423 tliturn
240 1372 370 1443 Propertii
394 1372 577 1440 carminibus,
600 1371 636 1425 ad
679 1373 985 1447 necdubiumcuuquin
993 1375 1183 1429 Crnrurntitu·

137 1449 250 1519 primum
268 1462 371 1503 tantum
389 1449 462 1504 hunc
480 1451 576 1505 librum
592 1469 634 1505 re·
679 1452 721 1508 lua
732 1454 830 1507 librum
842 1467 928 1526 poeta
937 1455 1023 1506 nostri
1033 1472 1088 1505 non
1099 1471 1182 1507 uuum

137 1527 242 1580 terreno
253 1530 291 1581 Ex
308 1527 415 1583 duobus
432 1532 518 1597 enim,
537 1529 635 1603 quibua
679 1531 886 1603 complectatur,
899 1529 945 1583 aed
957 1529 1048 1603 plurea
1058 1547 1121 1596 eoa,
1134 1529 1180 1603 qui

137 1606 203 1659 inter
220 1620 331 1675 cetera,
352 1608 418 1661 locis
437 1622 575 1662 auctorum
593 1611 636 1661 in·
681 1610 840 1664 celebratam
850 1609 992 1684 Cynthium
1002 1610 1127 1663 referunt.

137 1689 243 1755 tiatunt,
253 1690 391 1758 Martialis,
401 1693 555 1764 epigramm.
566 1692 636 1759 XIV,
716 1695 775 1745 Jam
784 1711 865 1759 vero,
879 1693 995 1744 Neronia
1010 1689 1144 1744 distichon
1161 1691 1183 1744 ai

140 1768 202 1838 189,
214 1770 464 1839 ctOridii‚ltemed.
474 1773 564 1825 Amor.
574 1773 636 1843 764,
667 1799 669 1809 ·
682 1771 764 1845 paulo
779 1771 930 1843 diligentius
945 1771 1142 1844 perpendatur,
1155 1771 1184 1823 in

137 1847 246 1903 alterurn
264 1851 341 1905 illuni
356 1852 476 1907 eruditus
495 1856 535 1906 vir
551 1853 636 1906 Lach-
681 1869 735 1924 quo
744 1853 868 1923 scriptam
877 1848 961 1902 tolum
973 1848 1113 1921 Cynthium
1124 1850 1185 1903 Pro·

138 1936 249 1982 tnannua
275 1931 392 1983 ostendit
414 1932 519 1986 efficere
546 1932 635 1998 nihil,
679 1933 765 2003 pertio
792 1929 904 1997 tribuit,
934 1929 1007 1981 nulla
1039 1929 1186 1986 carminum

138 2008 207 2079 qnod
220 2009 299 2064 talem
311 2013 465 2082 opinionem
479 2012 637 2086 comprobet
680 2013 814 2063 mentione
840 2011 930 2076 lacta,
953 2026 1011 2080 quie
1037 2005 1105 2058 liber
1128 2008 1185 2076 ejus

137 2083 208 2153 (tide
222 2102 279 2141 not.
291 2088 325 2141 ad
337 2090 383 2143 lib.
396 2092 440 2156 lv,
455 2110 537 2143 carm.
553 2109 584 2161 7,
596 2109 634 2143 ra.
682 2103 794 2161 quartus
806 2086 928 2151 exhibet,
944 2088 1045 2159 poterit
1056 2085 1186 2137 edomin-

138 2167 201 2238 77);
223 2164 351 2235 alterurn,
368 2171 472 2237 Ovidii,
491 2194 503 2218 ι
513 2173 637 2223 Carmina
681 2168 716 2220 de
729 2168 835 2237 colligi,
849 2180 973 2237 quartum
988 2163 1060 2216 hunc
1073 2162 1185 2228 librum,

76 2249 79 2254 '
138 2246 193 2314 quit
213 2249 302 2319 potuit
323 2261 381 2300 tuto
402 2248 497 2320 legisse
521 2248 637 2312 Tibulli,
681 2251 720 2301 uti
742 2247 863 2299 Barthius
878 2245 1120 2315 Lachmannusqne
1135 2255 1186 2294 ata·

138 2321 183 2376 Vel
193 2338 256 2392 tua,
274 2329 350 2397 cnjus
368 2347 433 2401 optet
451 2329 565 2400 Cynthia
582 2325 637 2381 tola
681 2340 777 2394 tuunt,
792 2326 889 2378 nouab
903 2328 960 2396 ipro
972 2324 1127 2397 Propertio,
1139 2321 1185 2374 ted

138 2401 230 2455 luit?-
252 2407 310 2476 ipse
331 2424 385 2459 non
407 2410 515 2478 majoris
534 2409 561 2459 io
585 2406 638 2458 ho'o
681 2408 735 2458 vita
761 2422 843 2477 quum
866 2407 922 2474 jam
948 2403 1126 2467 decentiaset,
1152 2397 1186 2452 ab

138 2488 193 2533 este
210 2480 338 2553 ponderis
357 2483 479 2536 arbitror.
498 2482 638 2558 Cynthium
683 2486 790 2550 amicir,
813 2485 925 2536 fortasse
950 2484 1028 2534 etiam
1053 2499 1109 2534 non
1135 2478 1187 2532 niti

137 2557 246 2613 Ovidius
273 2564 378 2613 unicam
408 2565 546 2634 Propertio
576 2564 638 2617 acri·
683 2577 744 2637 post
763 2582 862 2616 annum
882 2562 950 2632 754,
970 2560 1071 2614 editum
1090 2560 1187 2621 fuitse5

137 2635 332 2693 bendicauaam
344 2643 472 2695 exstitisse
481 2642 545 2694 dicit
557 2663 563 2695 :
575 2641 639 2714 quid
683 2644 740 2711 vel,
760 2642 886 2697 cllocem
904 2643 977 2715 priua
998 2640 1092 2693 viderit
1110 2639 1188 2709 (aute

137 2720 184 2771 etit
190 2721 261 2789 jam,
272 2740 322 2774 cnr
329 2720 403 2773 illum
414 2721 446 2775 ad
459 2725 572 2794 primam
581 2736 639 2774 tau·
684 2723 741 2776 scil.
759 2738 822 2775 tun.
839 2719 925 2791 754),
945 2721 1060 2772 auctoris
1081 2720 1123 2771 rui
1141 2735 1188 2771 ne·

135 2809 191 2851 tum
214 2802 344 2873 Propertii
367 2816 470 2876 partem
493 2804 639 2874 respexiaee
684 2800 747 2855 dnm
758 2803 858 2854 famam
869 2798 1023 2865 extenderit,
1032 2797 1188 2852 inchoatum

136 2878 261 2949 reli-ur,
280 2902 335 2936 non
355 2886 446 2956 potius
461 2884 496 2937 ad
514 2885 639 2938 univerae
682 2900 732 2934 nec
751 2882 900 2953 perfectum
921 2898 990 2951 opus
1008 2892 1112 2931 tantum
1130 2894 1187 2931 otte

135 2976 193 3031 quae
205 2961 256 3015 rub
268 2964 385 3037 Cynthio
395 2965 505 3020 nomine
521 2967 639 3018 carmina
674 2959 842 3030 judicatum,
856 2960 957 3011 caeteris
969 2972 1055 3030 poeto
1064 2957 1188 3011 carmini-

136 3040 241 3108 prolatn
257 3033 332 3095 'cinti
352 3045 416 3095 Dari
438 3043 545 3115 quidem
564 3045 638 3115 priua
682 3039 733 3092 but
751 3056 921 3110 nequaquam
941 3036 1187 3101 adnumerandum,

135 3116 200 3172 illud
227 3137 334 3192 portet,
355 3141 387 3176 ea
409 3124 578 3189 conditione,
598 3125 638 3190 ai,
683 3117 790 3191 qualem
801 3117 881 3187 plane
895 3115 1082 3169 hcbmannua
1095 3127 1182 3185 poete

132 3213 218 3268 quum
227 3202 265 3252 ita
274 3201 426 3273 loqueretur
437 3203 637 3269 Ovidina,Pro·
681 3201 779 3249 riorem
808 3194 879 3249 htnc
905 3191 1183 3267 partem'habendffl

136 3280 248 3347 peniu-
268 3280 365 3353 elegiae
380 3302 474 3336 omnes
494 3301 555 3336 auat
569 3301 637 3335 non·
681 3274 828 3329 contendit„

135 3352 198 3407 dnm
213 3358 241 3409 in
256 3357 343 3412 lucent
359 3361 474 3414 edidiaee
488 3374 636 3424 conataret3
717 3357 847 3409 Ceterum
862 3357 891 3406 in
912 3357 1034 3407 extremit
1047 3355 1080 3406 iit
1095 3353 1186 3422 conje-

135 3433 180 3484 ted
191 3434 264 3487 alind
274 3450 425 3511 temporum
433 3442 513 3493 teriea
523 3439 635 3492 indicat:
680 3449 785 3489 cturam
794 3435 929 3506 ponimur,
938 3451 1016 3505 quam
1027 3432 1186 3485 levistimatn

135 3510 240 3565 ridetur
257 3514 359 3568 radicet
376 3536 463 3571 annue
481 3520 513 3570 U.
528 3519 562 3571 C.
580 3519 637 3589 739
682 3518 733 3589 ipsi
754 3517 884 3569 sentimus
905 3533 979 3580 erse,
1003 3512 1133 3585 siquidem
1156 3524 1187 3565 ut

135 3589 213 3643 finem
225 3593 360 3648 acrihendi
374 3599 512 3667 Propertio
528 3597 637 3664 iecisse,
681 3608 816 3649 evertatur
826 3594 889 3660 illa,
904 3592 1038 3646 distichon
1047 3591 1136 3645 Ovidii
1147 3608 1189 3644 tt·

132 3687 184 3722 {ten
195 3673 246 3725 niti
261 3693 325 3728 ann.
346 3674 397 3745 764
414 3677 448 3729 uh
462 3676 559 3730 Ovidio
574 3696 637 3748 pro-
682 3678 717 3728 tir
731 3678 779 3728 erit
794 3674 884 3741 aliter,
897 3688 977 3744 atque
993 3674 1127 3745 cepimus,
1144 3674 1188 3725 in-

134 3746 637 3825 &matanatisnemedirt’raemuu
683 3756 838 3826 terpretari,
857 3751 891 3804 de
912 3751 1027 3824 Cynthia
1048 3753 1188 3815 nimirum

135 3823 190 3880 heo
209 3831 343 3885 firmemur
361 3834 444 3901 locis,
464 3835 510 3906 qui
528 3837 638 3906 proprie
683 3853 765 3904 quum
775 3834 928 3903 Propertius
938 3834 1042 3885 unicam
1053 3831 1188 3895 tennerit,

133 3904 268 3964 defunct:
283 3912 403 3984 Cynthio
418 3913 499 3967 rerba
522 3927 584 3967 runt
605 3911 640 3965 od
684 3931 769 3984 qutun
780 3909 856 3965 Delia
867 3912 971 3983 primo,
985 3907 1083 3969 deind·
1096 3921 1123 3965 et
1132 3906 1189 3961 tte*

136 3987 319 4061 tropeum,
334 3994 386 4061 tv,
406 4008 436 4062 7,
453 3993 504 4060 50,
528 3993 641 4065 uhonqa
685 3993 766 4047 metit
776 3988 885 4044 Tibullo
898 3988 1036 4044 celebrata
1052 3990 1112 4043 aiut.

994 4163 1024 4225 3.
