2648 4792
135 389 188 484 ιι]
526 389 779 454 ιιιιιιιιιο.

134 519 288 617 aliquem
318 515 450 589 laboris
476 513 568 588 illius
597 519 706 588 nostri
735 517 947 614 participem
976 517 1012 584 in
1043 533 1195 614 partem.

135 640 244 707 etiam
259 633 373 706 laudis
389 659 462 705 non
480 636 602 705 venire
621 629 831 704 haberemus
852 634 1024 731 iniquum.
1046 634 1183 704 Annui-

134 774 212 820 mus
225 764 364 836 tamen,
378 762 414 819 et
424 763 460 819 te
472 750 646 818 monitum
660 744 851 834 voluimus,
865 742 980 817 lector
996 742 1182 834 benevole,

134 890 179 936 ne
197 867 273 962 ipse
290 867 325 935 in
347 852 586 961 suspicionem
607 860 742 934 incidas
764 886 838 933 non
858 859 1075 960 peculiarem
1097 864 1184 932 Pro·

135 982 251 1077 pertio
268 1004 409 1066 curam,
426 1002 542 1077 neque
555 975 792 1049 Eruditissimi
802 978 870 1048 viri
884 974 1069 1049 facultates
1085 973 1183 1049 adhi-

134 1090 225 1183 bitas
241 1093 357 1166 fuisse.
375 1097 415 1165 ln
434 1095 503 1164 tuis
520 1106 640 1163 autem
660 1087 823 1162 manibus
838 1088 967 1179 habes,
984 1105 1115 1190 quanta
1130 1089 1185 1160 di-

133 1205 279 1307 ligentia
295 1223 330 1278 et
347 1211 536 1306 sagacitate
554 1202 742 1278 emendata
760 1202 866 1276 simul
886 1220 1001 1303 poetae
1023 1202 1132 1276 verba
1150 1220 1185 1275 et

133 1320 326 1395 enucleata
342 1327 522 1394 sententiae
533 1327 618 1409 sint,
635 1325 684 1392 ita
695 1335 735 1391 ut
745 1322 927 1391 Romanus
942 1323 1007 1391 iste
1019 1316 1186 1421 Callima·

24 1446 28 1453 '
135 1433 222 1510 chus
239 1434 284 1509 ab
310 1440 448 1535 integro
470 1450 677 1507 retractatus
696 1428 860 1505 studiosis
881 1437 1041 1505 omnium
1061 1435 1186 1504 animis

134 1576 247 1623 novus
266 1553 412 1622 omnino
432 1540 712 1623 commendetur.
1048 1638 1051 1643 Ι

184 1663 333 1738 Accedit
364 1667 471 1737 etiam
497 1662 580 1737 huic
609 1661 755 1736 editioni
780 1665 968 1762 proprium
993 1661 1185 1763 quiddam,

134 1782 347 1855 imitationes
367 1778 519 1871 scilicet,
539 1780 576 1853 id
596 1796 669 1872 est,
691 1776 771 1852 loca
791 1777 1015 1854 Gallicorum
1035 1784 1188 1879 scripto-

135 1926 215 1972 rum
235 1897 384 1989 selecta,
407 1924 640 1999 quaecumque
663 1920 745 1970 cum
768 1901 946 1998 Propertii
967 1897 1105 1995 verbis,
1128 1902 1189 1971 aut

133 2016 315 2088 sententiis
341 2030 437 2088 certe
460 2028 670 2115 congruunt.
691 2015 856 2105 Quorum
881 2011 1001 2112 ampla
1025 2028 1061 2085 et
1083 2037 1188 2113 sagax

135 2126 299 2203 collectio
313 2128 398 2218 tibi,
415 2144 454 2201 ut
466 2154 589 2229 spero,
607 2126 869 2200 oblectamento
888 2131 1022 2226 pariter
1040 2143 1076 2199 et
1093 2127 1189 2200 fruc·

133 2249 186 2316 tui
205 2248 282 2318 erit.
301 2242 379 2316 lllic
400 2249 497 2317 enim
517 2242 629 2317 oculis
650 2260 837 2315 occurrent
861 2258 944 2315 nota
968 2246 1094 2342 saepius
1120 2259 1188 2315 nec

135 2386 207 2431 non
214 2336 554 2476 rntbrdutnrgnota
560 2382 725 2480 prinpum
741 2356 891 2429 alterum
904 2354 1046 2430 dulcem
1060 2361 1188 2430 animis

134 2457 370 2577 memoriam
354 2467 489 2580 acuet,
482 2460 665 2547 altatuin
688 2472 848 2546 discendi
862 2472 980 2546 studio
1006 2492 1186 2547 amoenam

135 2595 318 2667 materiem
332 2562 532 2697 dfbbite'ff·

183 2707 283 2799 Quid
286 2688 621 2815 inultalllltmmm
636 2703 731 2783 illud
744 2727 796 2784 est
812 2708 1043 2784 Bibliothecae
1059 2724 1189 2781 nostrae

135 2810 313 2894 volumen.
313 2792 511 2897 waltarini
514 2797 773 2906 estabul'torum
786 2852 979 2915 annorum,
992 2802 1188 2898 multorum

135 2934 323 3008 taediorum
347 2964 460 3037 opus;
491 2964 557 3010 nec
585 2937 676 3011 illius
711 2944 826 3041 piguit
851 2952 1021 3040 patruum
1048 2965 1188 3027 meum,

135 3079 242 3152 quem
259 3057 364 3126 tantis
383 3052 567 3127 laboribus
589 3059 750 3129 minime
759 3060 936 3157 imparem
957 3072 997 3129 et
1012 3053 1088 3127 ad
1079 3058 1188 3154 1psius

135 3170 216 3239 vitae
234 3167 413 3271 jacturam
435 3173 472 3243 in
491 3166 704 3246 difficillimo
724 3163 872 3245 'consilio
890 3186 1110 3243 constantem
1127 3197 1191 3242 no-

138 3287 228 3355 visti
256 3286 291 3357 O
307 3288 443 3358 utinam
457 3283 583 3357 saltem
600 3286 689 3357 tanti
706 3269 928 3367 'conditorem
945 3288 1189 3373 monumenti,

136 3423 246 3497 quum
260 3397 337 3505 jam
355 3396 529 3497 perducto
548 3397 594 3470 ad
613 3388 776 3500 optatum
795 3400 931 3473 finem
920 3405 1079 3501 mcoep'to
1099 3397 1191 3472 obli-

136 3515 221 3583 visci
238 3528 405 3584 curarum
419 3511 564 3585 etfama
579 3539 728 3613 operose
744 3519 892 3589 nimium
913 3532 1032 3615 empta
1054 3513 1123 3586 frui
1146 3513 1191 3587 li-

136 3642 250 3714 ceret,
265 3653 389 3699 securo
409 3654 554 3701 suorum
573 3635 687 3703 amori
708 3644 780 3705 non
802 3630 1033 3728 subripuisset
1056 3635 1190 3729 impro-

137 3744 208 3811 visa
227 3746 350 3812 mortis
367 3742 560 3815 acerbitas!
744 3746 750 3759 '

745 3950 778 4008 Ρ.
807 3953 842 4011 Α.
871 3950 1025 4012 Lanatus.
