<?xml version="1.0" encoding="UTF-8"?>
<!DOCTYPE html PUBLIC "-//W3C//DTD XHTML 1.0 Transitional//EN"
    "http://www.w3.org/TR/xhtml1/DTD/xhtml1-transitional.dtd">
<html xmlns="http://www.w3.org/1999/xhtml" xml:lang="en" lang="en">
 <head>
  <title>
</title>
<meta http-equiv="Content-Type" content="text/html;charset=utf-8" />
  <meta name='ocr-system' content='tesseract 3.04.00' />
  <meta name='ocr-capabilities' content='ocr_page ocr_carea ocr_par ocr_line ocrx_word'/>
</head>
<body>
  <div class='ocr_page' id='page_1' title='image "bibliothecaclas37lemagoog_0057.png"; bbox 0 0 2656 4800; ppageno 0'>
   <div class='ocr_carea' id='block_1_1' title="bbox 235 352 966 439">
    <p class='ocr_par' dir='ltr' id='par_1_1' title="bbox 235 352 966 439">
     <span class='ocr_line' id='line_1_1' title="bbox 235 352 966 439; baseline -0.034 1"><span class='ocrx_word' id='word_1_1' title='bbox 235 362 279 439; x_wconf 70' lang='lat' dir='ltr'><strong>tt</strong></span> <span class='ocrx_word' id='word_1_2' title='bbox 538 353 800 421; x_wconf 77' lang='lat' dir='ltr'><strong>rnornnrn</strong></span> <span class='ocrx_word' id='word_1_3' title='bbox 825 352 913 419; x_wconf 79' lang='lat' dir='ltr'><strong>nin.</strong></span> <span class='ocrx_word' id='word_1_4' title='bbox 939 355 966 417; x_wconf 90' lang='lat'><strong>1.</strong></span> 
     </span>
    </p>
   </div>
   <div class='ocr_carea' id='block_1_2' title="bbox 278 477 1282 1683">
    <p class='ocr_par' dir='ltr' id='par_1_2' title="bbox 278 477 1282 1683">
     <span class='ocr_line' id='line_1_2' title="bbox 328 477 1015 572; baseline -0.003 -25"><span class='ocrx_word' id='word_1_5' title='bbox 328 485 374 547; x_wconf 90' lang='lat' dir='ltr'><strong>Ut</strong></span> <span class='ocrx_word' id='word_1_6' title='bbox 384 480 521 548; x_wconf 83' lang='lat' dir='ltr'><strong>veniant</strong></span> <span class='ocrx_word' id='word_1_7' title='bbox 531 477 664 546; x_wconf 88' lang='lat' dir='ltr'><strong>hederae</strong></span> <span class='ocrx_word' id='word_1_8' title='bbox 675 494 796 572; x_wconf 84' lang='lat' dir='ltr'><strong>sponte</strong></span> <span class='ocrx_word' id='word_1_9' title='bbox 807 500 870 546; x_wconf 82' lang='lat' dir='ltr'><strong>sua</strong></span> <span class='ocrx_word' id='word_1_10' title='bbox 879 477 1015 560; x_wconf 84' lang='lat' dir='ltr'><strong>melius3</strong></span> 
     </span>
     <span class='ocr_line' id='line_1_3' title="bbox 280 589 1072 683; baseline -0.011 -22"><span class='ocrx_word' id='word_1_11' title='bbox 280 597 399 683; x_wconf 71' lang='lat' dir='ltr'><strong>Surget</strong></span> <span class='ocrx_word' id='word_1_12' title='bbox 410 595 491 660; x_wconf 90' lang='lat' dir='ltr'><strong>etin</strong></span> <span class='ocrx_word' id='word_1_13' title='bbox 502 590 581 659; x_wconf 86' lang='lat' dir='ltr'><strong>solis</strong></span> <span class='ocrx_word' id='word_1_14' title='bbox 594 591 775 659; x_wconf 80' lang='lat' dir='ltr'><strong>formosius</strong></span> <span class='ocrx_word' id='word_1_15' title='bbox 786 591 927 660; x_wconf 84' lang='lat' dir='ltr'><strong>arbutus</strong></span> <span class='ocrx_word' id='word_1_16' title='bbox 939 589 1045 657; x_wconf 84' lang='lat' dir='ltr'><strong>antris</strong></span> <span class='ocrx_word' id='word_1_17' title='bbox 1053 615 1072 672; x_wconf 91' lang='lat'><strong>;.</strong></span> 
     </span>
     <span class='ocr_line' id='line_1_4' title="bbox 325 700 1025 795; baseline -0.007 -25"><span class='ocrx_word' id='word_1_18' title='bbox 325 708 368 770; x_wconf 89' lang='lat' dir='ltr'><strong>Et</strong></span> <span class='ocrx_word' id='word_1_19' title='bbox 379 704 463 770; x_wconf 84' lang='lat' dir='ltr'><strong>sciet</strong></span> <span class='ocrx_word' id='word_1_20' title='bbox 472 701 632 771; x_wconf 85' lang='lat' dir='ltr'><strong>indociles</strong></span> <span class='ocrx_word' id='word_1_21' title='bbox 645 726 781 770; x_wconf 89' lang='lat' dir='ltr'><strong>currere</strong></span> <span class='ocrx_word' id='word_1_22' title='bbox 794 700 934 795; x_wconf 72' lang='lat' dir='ltr'><strong>lympha</strong></span> <span class='ocrx_word' id='word_1_23' title='bbox 944 702 1025 768; x_wconf 84' lang='lat' dir='ltr'><strong>vias.</strong></span> 
     </span>
     <span class='ocr_line' id='line_1_5' title="bbox 278 812 953 906; baseline -0.004 -24"><span class='ocrx_word' id='word_1_24' title='bbox 278 816 392 882; x_wconf 82' lang='lat' dir='ltr'><strong>Litora</strong></span> <span class='ocrx_word' id='word_1_25' title='bbox 401 817 523 882; x_wconf 87' lang='lat' dir='ltr'><strong>nativis</strong></span> <span class='ocrx_word' id='word_1_26' title='bbox 535 813 703 882; x_wconf 85' lang='lat' dir='ltr'><strong>collucent</strong></span> <span class='ocrx_word' id='word_1_27' title='bbox 712 815 802 906; x_wconf 73' lang='lat' dir='ltr'><strong>picta</strong></span> <span class='ocrx_word' id='word_1_28' title='bbox 813 812 953 905; x_wconf 83' lang='lat' dir='ltr'><strong>lapillis,</strong></span> 
     </span>
     <span class='ocr_line' id='line_1_6' title="bbox 325 922 1018 993; baseline -0.004 -2"><span class='ocrx_word' id='word_1_29' title='bbox 325 928 369 991; x_wconf 85' lang='lat' dir='ltr'><strong>Et</strong></span> <span class='ocrx_word' id='word_1_30' title='bbox 379 925 533 993; x_wconf 88' lang='lat' dir='ltr'><strong>volucres</strong></span> <span class='ocrx_word' id='word_1_31' title='bbox 545 923 640 993; x_wconf 80' lang='lat' dir='ltr'><strong><em>nulla</em></strong></span> <span class='ocrx_word' id='word_1_32' title='bbox 650 922 784 992; x_wconf 87' lang='lat' dir='ltr'><strong>dulcius</strong></span> <span class='ocrx_word' id='word_1_33' title='bbox 796 940 869 991; x_wconf 86' lang='lat' dir='ltr'><strong>arte</strong></span> <span class='ocrx_word' id='word_1_34' title='bbox 881 938 1018 992; x_wconf 86' lang='lat' dir='ltr'><strong>canunt.</strong></span> 
     </span>
     <span class='ocr_line' id='line_1_7' title="bbox 278 1031 1280 1130; baseline -0.006 -27"><span class='ocrx_word' id='word_1_35' title='bbox 278 1040 354 1103; x_wconf 84' lang='lat' dir='ltr'><strong>Non</strong></span> <span class='ocrx_word' id='word_1_36' title='bbox 366 1039 414 1104; x_wconf 88' lang='lat' dir='ltr'><strong>sic</strong></span> <span class='ocrx_word' id='word_1_37' title='bbox 425 1039 604 1130; x_wconf 88' lang='lat' dir='ltr'><strong>Leucippis</strong></span> <span class='ocrx_word' id='word_1_38' title='bbox 616 1035 792 1104; x_wconf 88' lang='lat' dir='ltr'><strong>succendit</strong></span> <span class='ocrx_word' id='word_1_39' title='bbox 802 1039 939 1103; x_wconf 86' lang='lat' dir='ltr'><strong>Castora</strong></span> <span class='ocrx_word' id='word_1_40' title='bbox 950 1031 1092 1116; x_wconf 88' lang='lat' dir='ltr'><strong>Phoebe,</strong></span> <span class='ocrx_word' id='word_1_41' title='bbox 1250 1046 1280 1097; x_wconf 82' lang='lat'><strong>15</strong></span> 
     </span>
     <span class='ocr_line' id='line_1_8' title="bbox 326 1145 946 1230; baseline -0.002 -16"><span class='ocrx_word' id='word_1_42' title='bbox 326 1146 496 1216; x_wconf 88' lang='lat' dir='ltr'>Pollucem</span> <span class='ocrx_word' id='word_1_43' title='bbox 508 1148 603 1216; x_wconf 87' lang='lat' dir='ltr'><strong>cultu</strong></span> <span class='ocrx_word' id='word_1_44' title='bbox 612 1171 682 1215; x_wconf 94' lang='lat' dir='ltr'><strong>non</strong></span> <span class='ocrx_word' id='word_1_45' title='bbox 696 1145 822 1214; x_wconf 84' lang='lat' dir='ltr'><strong>Hilaira</strong></span> <span class='ocrx_word' id='word_1_46' title='bbox 834 1170 946 1230; x_wconf 82' lang='lat' dir='ltr'><strong>soror3</strong></span> 
     </span>
     <span class='ocr_line' id='line_1_9' title="bbox 279 1254 1148 1354; baseline -0.002 -28"><span class='ocrx_word' id='word_1_47' title='bbox 279 1264 371 1341; x_wconf 86' lang='lat' dir='ltr'><strong>Non,</strong></span> <span class='ocrx_word' id='word_1_48' title='bbox 384 1258 453 1329; x_wconf 83' lang='lat' dir='ltr'><strong>ldae</strong></span> <span class='ocrx_word' id='word_1_49' title='bbox 465 1276 498 1327; x_wconf 90' lang='lat' dir='ltr'><strong>et</strong></span> <span class='ocrx_word' id='word_1_50' title='bbox 509 1256 633 1351; x_wconf 89' lang='lat' dir='ltr'><strong>cupido</strong></span> <span class='ocrx_word' id='word_1_51' title='bbox 645 1257 819 1354; x_wconf 86' lang='lat' dir='ltr'><strong>quondam</strong></span> <span class='ocrx_word' id='word_1_52' title='bbox 830 1255 997 1326; x_wconf 86' lang='lat' dir='ltr'>discordia</span> <span class='ocrx_word' id='word_1_53' title='bbox 1007 1254 1148 1337; x_wconf 84' lang='lat' dir='ltr'><strong>Phoebo,</strong></span> 
     </span>
     <span class='ocr_line' id='line_1_10' title="bbox 326 1367 819 1462; baseline 0 -26"><span class='ocrx_word' id='word_1_54' title='bbox 326 1371 431 1436; x_wconf 88' lang='lat' dir='ltr'><strong>Eveni</strong></span> <span class='ocrx_word' id='word_1_55' title='bbox 443 1373 558 1462; x_wconf 83' lang='lat' dir='ltr'><strong>patriis</strong></span> <span class='ocrx_word' id='word_1_56' title='bbox 570 1369 640 1436; x_wconf 85' lang='lat' dir='ltr'><strong>filia</strong></span> <span class='ocrx_word' id='word_1_57' title='bbox 650 1367 819 1452; x_wconf 81' lang='lat' dir='ltr'><strong>litoribus3</strong></span> 
     </span>
     <span class='ocr_line' id='line_1_11' title="bbox 279 1477 1079 1571; baseline 0.001 -26"><span class='ocrx_word' id='word_1_58' title='bbox 279 1482 348 1547; x_wconf 86' lang='lat' dir='ltr'><strong>Nec</strong></span> <span class='ocrx_word' id='word_1_59' title='bbox 358 1477 544 1571; x_wconf 76' lang='lat' dir='ltr'><strong>Phrygium</strong></span> <span class='ocrx_word' id='word_1_60' title='bbox 553 1477 638 1545; x_wconf 86' lang='lat' dir='ltr'><strong>falso</strong></span> <span class='ocrx_word' id='word_1_61' title='bbox 650 1480 753 1545; x_wconf 84' lang='lat' dir='ltr'>traxit</span> <span class='ocrx_word' id='word_1_62' title='bbox 764 1477 909 1555; x_wconf 86' lang='lat' dir='ltr'><strong>candore</strong></span> <span class='ocrx_word' id='word_1_63' title='bbox 920 1480 1079 1555; x_wconf 78' lang='lat' dir='ltr'><strong>maritum</strong></span> 
     </span>
     <span class='ocr_line' id='line_1_12' title="bbox 327 1588 1282 1683; baseline 0.001 -28"><span class='ocrx_word' id='word_1_64' title='bbox 327 1595 449 1656; x_wconf 74' lang='lat' dir='ltr'><strong>hveotn</strong></span> <span class='ocrx_word' id='word_1_65' title='bbox 460 1591 606 1656; x_wconf 89' lang='lat' dir='ltr'><strong>externis</strong></span> <span class='ocrx_word' id='word_1_66' title='bbox 620 1588 845 1683; x_wconf 84' lang='lat' dir='ltr'><strong>Hippodamia</strong></span> <span class='ocrx_word' id='word_1_67' title='bbox 856 1591 957 1657; x_wconf 87' lang='lat' dir='ltr'><strong>rotis:</strong></span> <span class='ocrx_word' id='word_1_68' title='bbox 1249 1617 1282 1650; x_wconf 75' lang='lat' dir='ltr'><strong>n·</strong></span> 
     </span>
    </p>
   </div>
   <div class='ocr_carea' id='block_1_3' title="bbox 221 1838 1297 4132">
    <p class='ocr_par' dir='ltr' id='par_1_3' title="bbox 221 1838 1287 2706">
     <span class='ocr_line' id='line_1_13' title="bbox 221 1838 1282 1917; baseline -0.002 -26"><span class='ocrx_word' id='word_1_69' title='bbox 221 1838 375 1911; x_wconf 27' lang='lat' dir='ltr'><strong>‚demittit</strong></span> <span class='ocrx_word' id='word_1_70' title='bbox 380 1841 418 1894; x_wconf 88' lang='lat' dir='ltr'><strong>Ut</strong></span> <span class='ocrx_word' id='word_1_71' title='bbox 425 1841 578 1913; x_wconf 80' lang='lat' dir='ltr'><strong>perficiatur</strong></span> <span class='ocrx_word' id='word_1_72' title='bbox 589 1861 692 1912; x_wconf 76' lang='lat' dir='ltr'><strong>teneus,</strong></span> <span class='ocrx_word' id='word_1_73' title='bbox 702 1863 734 1897; x_wconf 83' lang='lat' dir='ltr'><strong>ex</strong></span> <span class='ocrx_word' id='word_1_74' title='bbox 778 1848 909 1917; x_wconf 67' lang='lat' dir='ltr'><strong>ninganut</strong></span> <span class='ocrx_word' id='word_1_75' title='bbox 923 1855 978 1913; x_wconf 80' lang='lat' dir='ltr'><strong>eet,</strong></span> <span class='ocrx_word' id='word_1_76' title='bbox 989 1842 1131 1897; x_wconf 81' lang='lat' dir='ltr'><strong>lectionem</strong></span> <span class='ocrx_word' id='word_1_77' title='bbox 1139 1842 1282 1911; x_wconf 72' lang='lat' dir='ltr'><strong>jurecon-</strong></span> 
     </span>
     <span class='ocr_line' id='line_1_14' title="bbox 233 1916 1281 1997; baseline -0.001 -28"><span class='ocrx_word' id='word_1_78' title='bbox 233 1916 317 1970; x_wconf 77' lang='lat' dir='ltr'><strong>nltero</strong></span> <span class='ocrx_word' id='word_1_79' title='bbox 328 1937 406 1973; x_wconf 82' lang='lat' dir='ltr'><strong>versu</strong></span> <span class='ocrx_word' id='word_1_80' title='bbox 417 1920 604 1975; x_wconf 80' lang='lat' dir='ltr'><strong>retrahendum</strong></span> <span class='ocrx_word' id='word_1_81' title='bbox 614 1921 668 1975; x_wconf 86' lang='lat' dir='ltr'><strong>huo</strong></span> <span class='ocrx_word' id='word_1_82' title='bbox 678 1941 735 1975; x_wconf 80' lang='lat' dir='ltr'><strong>esse</strong></span> <span class='ocrx_word' id='word_1_83' title='bbox 779 1923 922 1987; x_wconf 79' lang='lat' dir='ltr'><strong>mendam,</strong></span> <span class='ocrx_word' id='word_1_84' title='bbox 937 1942 1016 1997; x_wconf 74' lang='lat' dir='ltr'><strong>qnam</strong></span> <span class='ocrx_word' id='word_1_85' title='bbox 1032 1935 1059 1975; x_wconf 83' lang='lat' dir='ltr'><strong>et</strong></span> <span class='ocrx_word' id='word_1_86' title='bbox 1076 1921 1128 1992; x_wconf 76' lang='lat' dir='ltr'><strong>ipsi</strong></span> <span class='ocrx_word' id='word_1_87' title='bbox 1147 1928 1281 1989; x_wconf 70' lang='lat' dir='ltr'><strong>receptum</strong></span> 
     </span>
     <span class='ocr_line' id='line_1_15' title="bbox 233 2000 955 2068; baseline 0.012 -21"><span class='ocrx_word' id='word_1_88' title='bbox 233 2006 324 2068; x_wconf 77' lang='lat' dir='ltr'><strong>sponte</strong></span> <span class='ocrx_word' id='word_1_89' title='bbox 347 2016 394 2051; x_wconf 79' lang='lat' dir='ltr'><strong>suo</strong></span> <span class='ocrx_word' id='word_1_90' title='bbox 420 2000 607 2053; x_wconf 78' lang='lat' dir='ltr'><strong>Lachmannns</strong></span> <span class='ocrx_word' id='word_1_91' title='bbox 637 2001 734 2068; x_wconf 81' lang='lat' dir='ltr'><strong>docet,</strong></span> <span class='ocrx_word' id='word_1_92' title='bbox 780 2002 955 2057; x_wconf 79' lang='lat' dir='ltr'>defendimus.</span> 
     </span>
     <span class='ocr_line' id='line_1_16' title="bbox 234 2077 1283 2148; baseline 0.001 -21"><span class='ocrx_word' id='word_1_93' title='bbox 234 2094 316 2147; x_wconf 84' lang='lat' dir='ltr'><strong>quum</strong></span> <span class='ocrx_word' id='word_1_94' title='bbox 327 2090 354 2129; x_wconf 86' lang='lat' dir='ltr'><strong>et</strong></span> <span class='ocrx_word' id='word_1_95' title='bbox 366 2090 422 2131; x_wconf 79' lang='lat' dir='ltr'><strong>orte</strong></span> <span class='ocrx_word' id='word_1_96' title='bbox 436 2093 530 2132; x_wconf 78' lang='lat' dir='ltr'><strong>coacta</strong></span> <span class='ocrx_word' id='word_1_97' title='bbox 542 2094 611 2132; x_wconf 81' lang='lat' dir='ltr'><strong>terra</strong></span> <span class='ocrx_word' id='word_1_98' title='bbox 622 2080 735 2148; x_wconf 80' lang='lat' dir='ltr'><strong>coloret,</strong></span> <span class='ocrx_word' id='word_1_99' title='bbox 820 2084 860 2137; x_wconf 84' lang='lat'><strong>15.</strong></span> <span class='ocrx_word' id='word_1_100' title='bbox 880 2085 944 2137; x_wconf 85' lang='lat' dir='ltr'><strong>Non</strong></span> <span class='ocrx_word' id='word_1_101' title='bbox 966 2082 1021 2146; x_wconf 81' lang='lat' dir='ltr'><strong>eie,</strong></span> <span class='ocrx_word' id='word_1_102' title='bbox 1038 2098 1094 2131; x_wconf 92' lang='lat' dir='ltr'><strong>non</strong></span> <span class='ocrx_word' id='word_1_103' title='bbox 1114 2077 1208 2143; x_wconf 84' lang='lat' dir='ltr'><strong>onitu,</strong></span> <span class='ocrx_word' id='word_1_104' title='bbox 1229 2090 1283 2127; x_wconf 82' lang='lat' dir='ltr'><strong>noo</strong></span> 
     </span>
     <span class='ocr_line' id='line_1_17' title="bbox 234 2152 1285 2222; baseline -0.001 -17"><span class='ocrx_word' id='word_1_105' title='bbox 234 2152 325 2222; x_wconf 74' lang='lat' dir='ltr'><strong>liores,</strong></span> <span class='ocrx_word' id='word_1_106' title='bbox 341 2157 486 2211; x_wconf 67' lang='lat' dir='ltr'><strong>submittet.</strong></span> <span class='ocrx_word' id='word_1_107' title='bbox 782 2175 837 2216; x_wconf 74' lang='lat' dir='ltr'><strong>arte</strong></span> <span class='ocrx_word' id='word_1_108' title='bbox 850 2179 907 2214; x_wconf 76' lang='lat' dir='ltr'><strong>sna.</strong></span> <span class='ocrx_word' id='word_1_109' title='bbox 922 2189 956 2201; x_wconf 95' lang='lat'>-</span> <span class='ocrx_word' id='word_1_110' title='bbox 971 2158 1067 2211; x_wconf 64' lang='lat' dir='ltr'><strong>Phoebe</strong></span> <span class='ocrx_word' id='word_1_111' title='bbox 1081 2170 1107 2209; x_wconf 80' lang='lat' dir='ltr'><strong>et</strong></span> <span class='ocrx_word' id='word_1_112' title='bbox 1121 2153 1227 2207; x_wconf 81' lang='lat' dir='ltr'><strong>Hiloim</strong></span> <span class='ocrx_word' id='word_1_113' title='bbox 1238 2170 1285 2205; x_wconf 73' lang='lat' dir='ltr'><strong>eo-</strong></span> 
     </span>
     <span class='ocr_line' id='line_1_18' title="bbox 271 2232 1285 2311; baseline -0.003 -24"><span class='ocrx_word' id='word_1_114' title='bbox 271 2253 312 2289; x_wconf 86' lang='grc' dir='ltr'><strong>ιι.</strong></span> <span class='ocrx_word' id='word_1_115' title='bbox 323 2236 387 2290; x_wconf 83' lang='lat' dir='ltr'><strong>Solo</strong></span> <span class='ocrx_word' id='word_1_116' title='bbox 398 2250 489 2305; x_wconf 84' lang='lat' dir='ltr'><strong>antra,</strong></span> <span class='ocrx_word' id='word_1_117' title='bbox 500 2237 613 2292; x_wconf 82' lang='lat' dir='ltr'><strong>deserta.</strong></span> <span class='ocrx_word' id='word_1_118' title='bbox 625 2269 662 2279; x_wconf 90' lang='lat'><em>-</em></span> <span class='ocrx_word' id='word_1_119' title='bbox 672 2242 737 2292; x_wconf 58' lang='lat' dir='ltr'><strong>for»</strong></span> <span class='ocrx_word' id='word_1_120' title='bbox 781 2260 871 2309; x_wconf 86' lang='lat' dir='ltr'><strong>rores,</strong></span> <span class='ocrx_word' id='word_1_121' title='bbox 889 2239 1027 2311; x_wconf 33' lang='lat' dir='ltr'><strong>Leucippi,</strong></span> <span class='ocrx_word' id='word_1_122' title='bbox 1037 2236 1095 2289; x_wconf 73' lang='lat' dir='ltr'><strong>filie</strong></span> <span class='ocrx_word' id='word_1_123' title='bbox 1113 2232 1205 2305; x_wconf 87' lang='lat' dir='ltr'><strong>(undo</strong></span> <span class='ocrx_word' id='word_1_124' title='bbox 1217 2232 1285 2283; x_wconf 62' lang='lat' dir='ltr'><strong>ltu-</strong></span> 
     </span>
     <span class='ocr_line' id='line_1_19' title="bbox 233 2317 1285 2393; baseline -0.009 -23"><span class='ocrx_word' id='word_1_125' title='bbox 233 2317 336 2370; x_wconf 75' lang='lat' dir='ltr'><strong>mosiut.</strong></span> <span class='ocrx_word' id='word_1_126' title='bbox 352 2318 491 2389; x_wconf 82' lang='lat' dir='ltr'><strong>Explicant</strong></span> <span class='ocrx_word' id='word_1_127' title='bbox 502 2317 556 2371; x_wconf 86' lang='lat' dir='ltr'><strong>hoc</strong></span> <span class='ocrx_word' id='word_1_128' title='bbox 564 2319 677 2373; x_wconf 82' lang='lat' dir='ltr'><strong>verbnm</strong></span> <span class='ocrx_word' id='word_1_129' title='bbox 685 2337 738 2369; x_wconf 93' lang='lat' dir='ltr'><strong>no·</strong></span> <span class='ocrx_word' id='word_1_130' title='bbox 781 2322 864 2393; x_wconf 73' lang='lat' dir='ltr'><strong>cippis</strong></span> <span class='ocrx_word' id='word_1_131' title='bbox 872 2318 944 2371; x_wconf 78' lang='lat' dir='ltr'><strong>diota</strong></span> <span class='ocrx_word' id='word_1_132' title='bbox 952 2317 1025 2388; x_wconf 83' lang='lat' dir='ltr'><strong>ille),</strong></span> <span class='ocrx_word' id='word_1_133' title='bbox 1035 2334 1094 2388; x_wconf 73' lang='lat' dir='ltr'><strong>qne</strong></span> <span class='ocrx_word' id='word_1_134' title='bbox 1105 2331 1189 2385; x_wconf 83' lang='lat' dir='ltr'><strong>quum</strong></span> <span class='ocrx_word' id='word_1_135' title='bbox 1197 2321 1285 2363; x_wconf 78' lang='lat' dir='ltr'><strong>eeeent</strong></span> 
     </span>
     <span class='ocr_line' id='line_1_20' title="bbox 234 2392 1285 2473; baseline -0.007 -26"><span class='ocrx_word' id='word_1_136' title='bbox 234 2395 411 2468; x_wconf 69' lang='lat' dir='ltr'><strong>totaedeleg.</strong></span> <span class='ocrx_word' id='word_1_137' title='bbox 426 2414 475 2465; x_wconf 75' lang='lat' dir='ltr'><strong>no,</strong></span> <span class='ocrx_word' id='word_1_138' title='bbox 492 2399 664 2467; x_wconf 46' lang='lat' dir='ltr'><strong>dra-Sciat</strong></span> <span class='ocrx_word' id='word_1_139' title='bbox 679 2416 738 2451; x_wconf 84' lang='lat' dir='ltr'><strong>our-</strong></span> <span class='ocrx_word' id='word_1_140' title='bbox 781 2404 886 2473; x_wconf 77' lang='lat' dir='ltr'><strong>Lynceo</strong></span> <span class='ocrx_word' id='word_1_141' title='bbox 914 2411 993 2469; x_wconf 79' lang='lat' dir='ltr'><strong>atque</strong></span> <span class='ocrx_word' id='word_1_142' title='bbox 1018 2395 1069 2449; x_wconf 78' lang='lat' dir='ltr'><strong>lde</strong></span> <span class='ocrx_word' id='word_1_143' title='bbox 1094 2392 1285 2464; x_wconf 69' lang='lat' dir='ltr'><strong>desponsetur,</strong></span> 
     </span>
     <span class='ocr_line' id='line_1_21' title="bbox 234 2468 1287 2552; baseline -0.001 -26"><span class='ocrx_word' id='word_1_144' title='bbox 234 2490 306 2539; x_wconf 77' lang='lat' dir='ltr'><strong>rere,</strong></span> <span class='ocrx_word' id='word_1_145' title='bbox 322 2477 580 2552; x_wconf 74' lang='lat' dir='ltr'><strong>curratzvideeleg.</strong></span> <span class='ocrx_word' id='word_1_146' title='bbox 595 2496 626 2546; x_wconf 84' lang='lat'><strong>1,</strong></span> <span class='ocrx_word' id='word_1_147' title='bbox 644 2479 683 2531; x_wconf 84' lang='lat'><strong>15.</strong></span> <span class='ocrx_word' id='word_1_148' title='bbox 697 2480 738 2531; x_wconf 89' lang='lat' dir='ltr'><strong>De</strong></span> <span class='ocrx_word' id='word_1_149' title='bbox 782 2480 876 2532; x_wconf 77' lang='lat' dir='ltr'><strong>Castor</strong></span> <span class='ocrx_word' id='word_1_150' title='bbox 899 2477 1030 2540; x_wconf 81' lang='lat' dir='ltr'><strong>alteram,</strong></span> <span class='ocrx_word' id='word_1_151' title='bbox 1055 2473 1165 2527; x_wconf 80' lang='lat' dir='ltr'><strong>alteram</strong></span> <span class='ocrx_word' id='word_1_152' title='bbox 1191 2468 1287 2521; x_wconf 72' lang='lat' dir='ltr'><strong>Pollux</strong></span> 
     </span>
     <span class='ocr_line' id='line_1_22' title="bbox 233 2544 1283 2629; baseline -0.003 -26"><span class='ocrx_word' id='word_1_153' title='bbox 233 2554 738 2629; x_wconf 75' lang='lat' dir='ltr'><strong>formecurrerevias,eleg.1,&#39;18.-</strong></span> <span class='ocrx_word' id='word_1_154' title='bbox 782 2559 880 2628; x_wconf 78' lang='lat' dir='ltr'><strong>rapuit.</strong></span> <span class='ocrx_word' id='word_1_155' title='bbox 908 2556 985 2608; x_wconf 82' lang='lat' dir='ltr'><strong>Conl.</strong></span> <span class='ocrx_word' id='word_1_156' title='bbox 1010 2552 1109 2623; x_wconf 69' lang='lat' dir='ltr'><strong>Gierig.</strong></span> <span class='ocrx_word' id='word_1_157' title='bbox 1141 2548 1177 2603; x_wconf 83' lang='lat' dir='ltr'><strong>ad</strong></span> <span class='ocrx_word' id='word_1_158' title='bbox 1204 2544 1283 2601; x_wconf 78' lang='lat' dir='ltr'><strong>ovid.</strong></span> 
     </span>
     <span class='ocr_line' id='line_1_23' title="bbox 233 2632 1035 2706; baseline -0.001 -22"><span class='ocrx_word' id='word_1_159' title='bbox 233 2632 381 2699; x_wconf 66' lang='lat' dir='ltr'><strong>indociles,</strong></span> <span class='ocrx_word' id='word_1_160' title='bbox 398 2638 471 2687; x_wconf 88' lang='lat' dir='ltr'><strong>omni</strong></span> <span class='ocrx_word' id='word_1_161' title='bbox 486 2636 543 2706; x_wconf 74' lang='lat' dir='ltr'><strong>lege</strong></span> <span class='ocrx_word' id='word_1_162' title='bbox 555 2634 665 2688; x_wconf 72' lang='lat' dir='ltr'><strong>solutas.</strong></span> <span class='ocrx_word' id='word_1_163' title='bbox 782 2635 852 2686; x_wconf 81' lang='lat' dir='ltr'><strong>Fast.</strong></span> <span class='ocrx_word' id='word_1_164' title='bbox 864 2637 901 2699; x_wconf 87' lang='lat' dir='ltr'><strong>V,</strong></span> <span class='ocrx_word' id='word_1_165' title='bbox 914 2632 966 2703; x_wconf 80' lang='lat'><strong>699</strong></span> <span class='ocrx_word' id='word_1_166' title='bbox 978 2651 1035 2703; x_wconf 77' lang='lat' dir='ltr'><strong>sqq.</strong></span> 
     </span>
    </p>

    <p class='ocr_par' dir='ltr' id='par_1_4' title="bbox 233 2701 1297 4132">
     <span class='ocr_line' id='line_1_24' title="bbox 272 2701 1287 2785; baseline -0.008 -23"><span class='ocrx_word' id='word_1_167' title='bbox 272 2709 312 2763; x_wconf 81' lang='lat'><strong>13.</strong></span> <span class='ocrx_word' id='word_1_168' title='bbox 327 2711 432 2777; x_wconf 82' lang='lat' dir='ltr'><strong>Litora,</strong></span> <span class='ocrx_word' id='word_1_169' title='bbox 446 2728 498 2766; x_wconf 82' lang='lat' dir='ltr'><strong>etc.</strong></span> <span class='ocrx_word' id='word_1_170' title='bbox 508 2714 612 2785; x_wconf 72' lang='lat' dir='ltr'><strong>Vulgoz</strong></span> <span class='ocrx_word' id='word_1_171' title='bbox 628 2714 739 2765; x_wconf 82' lang='lat' dir='ltr'><strong>·Litore</strong></span> <span class='ocrx_word' id='word_1_172' title='bbox 822 2711 933 2781; x_wconf 83' lang='lat' dir='ltr'><strong>¹7.Non</strong></span> <span class='ocrx_word' id='word_1_173' title='bbox 945 2710 983 2761; x_wconf 80' lang='lat' dir='ltr'><strong>sic</strong></span> <span class='ocrx_word' id='word_1_174' title='bbox 992 2710 1019 2759; x_wconf 93' lang='lat' dir='ltr'><strong>in</strong></span> <span class='ocrx_word' id='word_1_175' title='bbox 1029 2707 1118 2779; x_wconf 74' lang='lat' dir='ltr'><strong>patrio</strong></span> <span class='ocrx_word' id='word_1_176' title='bbox 1127 2705 1205 2757; x_wconf 84' lang='lat' dir='ltr'><strong>litore</strong></span> <span class='ocrx_word' id='word_1_177' title='bbox 1213 2701 1287 2755; x_wconf 71' lang='lat' dir='ltr'><strong>onita</strong></span> 
     </span>
     <span class='ocr_line' id='line_1_25' title="bbox 234 2780 1288 2864; baseline -0.005 -27"><span class='ocrx_word' id='word_1_178' title='bbox 234 2787 336 2840; x_wconf 80' lang='lat' dir='ltr'><strong>nativos</strong></span> <span class='ocrx_word' id='word_1_179' title='bbox 349 2806 398 2861; x_wconf 81' lang='lat' dir='ltr'><strong>per</strong></span> <span class='ocrx_word' id='word_1_180' title='bbox 412 2808 438 2843; x_wconf 79' lang='lat' dir='ltr'><strong>se</strong></span> <span class='ocrx_word' id='word_1_181' title='bbox 452 2793 514 2843; x_wconf 81' lang='lat' dir='ltr'><strong>dent</strong></span> <span class='ocrx_word' id='word_1_182' title='bbox 528 2794 599 2863; x_wconf 77' lang='lat' dir='ltr'><strong>picta</strong></span> <span class='ocrx_word' id='word_1_183' title='bbox 616 2788 738 2864; x_wconf 76' lang='lat' dir='ltr'><strong><em>lapillos,</em></strong></span> <span class='ocrx_word' id='word_1_184' title='bbox 782 2789 905 2861; x_wconf 79' lang='lat' dir='ltr'><strong>Marpesa</strong></span> <span class='ocrx_word' id='word_1_185' title='bbox 919 2801 988 2855; x_wconf 80' lang='lat' dir='ltr'><strong>eret,</strong></span> <span class='ocrx_word' id='word_1_186' title='bbox 1004 2806 1062 2859; x_wconf 76' lang='lat' dir='ltr'><strong>qnae</strong></span> <span class='ocrx_word' id='word_1_187' title='bbox 1081 2782 1215 2857; x_wconf 78' lang='lat' dir='ltr'><strong>quondam</strong></span> <span class='ocrx_word' id='word_1_188' title='bbox 1234 2780 1288 2833; x_wconf 70' lang='lat' dir='ltr'><strong>lde</strong></span> 
     </span>
     <span class='ocr_line' id='line_1_26' title="bbox 233 2861 1287 2923; baseline -0.004 -8"><span class='ocrx_word' id='word_1_189' title='bbox 233 2865 267 2915; x_wconf 86' lang='lat' dir='ltr'><strong>Et</strong></span> <span class='ocrx_word' id='word_1_190' title='bbox 280 2864 402 2919; x_wconf 77' lang='lat' dir='ltr'><strong>volucres</strong></span> <span class='ocrx_word' id='word_1_191' title='bbox 417 2867 489 2923; x_wconf 86' lang='lat' dir='ltr'><strong><em>nulla</em></strong></span> <span class='ocrx_word' id='word_1_192' title='bbox 504 2869 608 2923; x_wconf 80' lang='lat' dir='ltr'><strong>dulcius</strong></span> <span class='ocrx_word' id='word_1_193' title='bbox 622 2884 679 2922; x_wconf 83' lang='lat' dir='ltr'><strong>arte</strong></span> <span class='ocrx_word' id='word_1_194' title='bbox 692 2886 738 2921; x_wconf 85' lang='lat' dir='ltr'><strong>co·</strong></span> <span class='ocrx_word' id='word_1_195' title='bbox 784 2881 810 2921; x_wconf 87' lang='lat' dir='ltr'><strong>et</strong></span> <span class='ocrx_word' id='word_1_196' title='bbox 821 2867 920 2920; x_wconf 72' lang='lat' dir='ltr'><strong>Phoebo</strong></span> <span class='ocrx_word' id='word_1_197' title='bbox 933 2865 1071 2920; x_wconf 67' lang='lat' dir='ltr'><strong>discordiae</strong></span> <span class='ocrx_word' id='word_1_198' title='bbox 1085 2881 1166 2917; x_wconf 80' lang='lat' dir='ltr'><strong>causa</strong></span> <span class='ocrx_word' id='word_1_199' title='bbox 1177 2861 1287 2914; x_wconf 76' lang='lat' dir='ltr'><strong>exstitit.</strong></span> 
     </span>
     <span class='ocr_line' id='line_1_27' title="bbox 233 2937 1288 3018; baseline -0.002 -24"><span class='ocrx_word' id='word_1_200' title='bbox 233 2954 339 3006; x_wconf 58' lang='lat' dir='ltr'><strong>nanu·</strong></span> <span class='ocrx_word' id='word_1_201' title='bbox 352 2946 416 2998; x_wconf 85' lang='lat' dir='ltr'><strong>dent</strong></span> <span class='ocrx_word' id='word_1_202' title='bbox 427 2961 454 2999; x_wconf 89' lang='lat' dir='ltr'><strong>et</strong></span> <span class='ocrx_word' id='word_1_203' title='bbox 464 2961 561 3000; x_wconf 84' lang='lat' dir='ltr'><strong>canant</strong></span> <span class='ocrx_word' id='word_1_204' title='bbox 570 2947 738 3018; x_wconf 81' lang='lat' dir='ltr'><strong>subjunctivo</strong></span> <span class='ocrx_word' id='word_1_205' title='bbox 782 2950 859 3001; x_wconf 80' lang='lat' dir='ltr'><strong>Hanc</strong></span> <span class='ocrx_word' id='word_1_206' title='bbox 879 2946 991 3012; x_wconf 74' lang='lat' dir='ltr'><strong>scilicet,</strong></span> <span class='ocrx_word' id='word_1_207' title='bbox 1010 2944 1092 2998; x_wconf 86' lang='lat' dir='ltr'><strong>Eveni</strong></span> <span class='ocrx_word' id='word_1_208' title='bbox 1112 2942 1207 3007; x_wconf 80' lang='lat' dir='ltr'><strong>liliam,</strong></span> <span class='ocrx_word' id='word_1_209' title='bbox 1224 2937 1288 2993; x_wconf 73' lang='lat' dir='ltr'><strong>ldu</strong></span> 
     </span>
     <span class='ocr_line' id='line_1_28' title="bbox 233 3018 1289 3101; baseline -0.005 -26"><span class='ocrx_word' id='word_1_210' title='bbox 233 3035 371 3095; x_wconf 86' lang='lat' dir='ltr'><strong>tempore,</strong></span> <span class='ocrx_word' id='word_1_211' title='bbox 390 3039 421 3078; x_wconf 88' lang='lat' dir='ltr'><strong>ut</strong></span> <span class='ocrx_word' id='word_1_212' title='bbox 445 3046 461 3079; x_wconf 83' lang='lat' dir='ltr'>a</span> <span class='ocrx_word' id='word_1_213' title='bbox 483 3026 664 3098; x_wconf 77' lang='lat' dir='ltr'><strong>superioribus</strong></span> <span class='ocrx_word' id='word_1_214' title='bbox 684 3026 738 3079; x_wconf 88' lang='lat' dir='ltr'><strong>hoo</strong></span> <span class='ocrx_word' id='word_1_215' title='bbox 781 3039 1068 3101; x_wconf 79' lang='lat' dir='ltr'><strong>repuerat3reptorem</strong></span> <span class='ocrx_word' id='word_1_216' title='bbox 1080 3022 1154 3089; x_wconf 72' lang='lat' dir='ltr'><strong>filie,</strong></span> <span class='ocrx_word' id='word_1_217' title='bbox 1170 3018 1289 3072; x_wconf 71' lang='lat' dir='ltr'><strong>sedim-</strong></span> 
     </span>
     <span class='ocr_line' id='line_1_29' title="bbox 234 3099 1290 3181; baseline -0.004 -26"><span class='ocrx_word' id='word_1_218' title='bbox 234 3101 367 3156; x_wconf 72' lang='lat' dir='ltr'><strong>distichon</strong></span> <span class='ocrx_word' id='word_1_219' title='bbox 376 3105 502 3177; x_wconf 76' lang='lat' dir='ltr'><strong>pendeat.</strong></span> <span class='ocrx_word' id='word_1_220' title='bbox 516 3106 569 3159; x_wconf 86' lang='lat' dir='ltr'><strong>Sed</strong></span> <span class='ocrx_word' id='word_1_221' title='bbox 581 3108 682 3160; x_wconf 80' lang='lat' dir='ltr'><strong>nativos</strong></span> <span class='ocrx_word' id='word_1_222' title='bbox 691 3128 740 3181; x_wconf 76' lang='lat' dir='ltr'><strong>per</strong></span> <span class='ocrx_word' id='word_1_223' title='bbox 783 3122 851 3174; x_wconf 71' lang='lat' dir='ltr'><strong>ntra,</strong></span> <span class='ocrx_word' id='word_1_224' title='bbox 868 3119 942 3178; x_wconf 86' lang='lat' dir='ltr'><strong>pater</strong></span> <span class='ocrx_word' id='word_1_225' title='bbox 956 3104 1120 3175; x_wconf 79' lang='lat' dir='ltr'><strong>insequitur,</strong></span> <span class='ocrx_word' id='word_1_226' title='bbox 1135 3117 1247 3170; x_wconf 73' lang='lat' dir='ltr'><strong>seseque</strong></span> <span class='ocrx_word' id='word_1_227' title='bbox 1259 3099 1290 3149; x_wconf 87' lang='lat' dir='ltr'><strong>in</strong></span> 
     </span>
     <span class='ocr_line' id='line_1_30' title="bbox 233 3180 1291 3258; baseline -0.002 -26"><span class='ocrx_word' id='word_1_228' title='bbox 233 3198 260 3233; x_wconf 74' lang='lat' dir='ltr'><strong>te</strong></span> <span class='ocrx_word' id='word_1_229' title='bbox 268 3181 330 3234; x_wconf 82' lang='lat' dir='ltr'><strong>dent</strong></span> <span class='ocrx_word' id='word_1_230' title='bbox 343 3181 450 3256; x_wconf 78' lang='lat' dir='ltr'><strong><em>lapillos</em></strong></span> <span class='ocrx_word' id='word_1_231' title='bbox 465 3184 589 3258; x_wconf 74' lang='lat' dir='ltr'><strong>scaligeri</strong></span> <span class='ocrx_word' id='word_1_232' title='bbox 603 3204 739 3239; x_wconf 81' lang='lat' dir='ltr'><strong>commen·</strong></span> <span class='ocrx_word' id='word_1_233' title='bbox 783 3188 892 3240; x_wconf 84' lang='lat' dir='ltr'><strong>fluvium</strong></span> <span class='ocrx_word' id='word_1_234' title='bbox 902 3187 1056 3257; x_wconf 75' lang='lat' dir='ltr'>Lycormam</span> <span class='ocrx_word' id='word_1_235' title='bbox 1067 3181 1228 3254; x_wconf 70' lang='lat' dir='ltr'><strong>precipitat,</strong></span> <span class='ocrx_word' id='word_1_236' title='bbox 1240 3180 1291 3249; x_wconf 86' lang='lat' dir='ltr'><strong>qni</strong></span> 
     </span>
     <span class='ocr_line' id='line_1_31' title="bbox 234 3259 1290 3330; baseline 0.001 -18"><span class='ocrx_word' id='word_1_237' title='bbox 234 3272 292 3313; x_wconf 83' lang='lat' dir='ltr'><strong>tum</strong></span> <span class='ocrx_word' id='word_1_238' title='bbox 306 3276 359 3330; x_wconf 84' lang='lat' dir='ltr'><strong>est,</strong></span> <span class='ocrx_word' id='word_1_239' title='bbox 373 3276 478 3317; x_wconf 82' lang='lat' dir='ltr'><strong>erutum</strong></span> <span class='ocrx_word' id='word_1_240' title='bbox 491 3266 591 3318; x_wconf 75' lang='lat' dir='ltr'><strong>seilicet</strong></span> <span class='ocrx_word' id='word_1_241' title='bbox 607 3285 638 3318; x_wconf 80' lang='lat' dir='ltr'><strong>ex</strong></span> <span class='ocrx_word' id='word_1_242' title='bbox 655 3266 739 3319; x_wconf 76' lang='lat' dir='ltr'><strong>altere</strong></span> <span class='ocrx_word' id='word_1_243' title='bbox 782 3269 868 3321; x_wconf 79' lang='lat' dir='ltr'><strong>dictus</strong></span> <span class='ocrx_word' id='word_1_244' title='bbox 883 3265 945 3318; x_wconf 92' lang='lat' dir='ltr'><strong>inde</strong></span> <span class='ocrx_word' id='word_1_245' title='bbox 956 3267 1069 3318; x_wconf 79' lang='lat' dir='ltr'><strong>Evenns.</strong></span> <span class='ocrx_word' id='word_1_246' title='bbox 1082 3264 1150 3315; x_wconf 83' lang='lat' dir='ltr'><strong>Tum</strong></span> <span class='ocrx_word' id='word_1_247' title='bbox 1162 3259 1235 3313; x_wconf 82' lang='lat' dir='ltr'>Idam</span> <span class='ocrx_word' id='word_1_248' title='bbox 1248 3261 1290 3313; x_wconf 82' lang='lat' dir='ltr'><strong>in·</strong></span> 
     </span>
     <span class='ocr_line' id='line_1_32' title="bbox 235 3339 1292 3418; baseline 0.001 -26"><span class='ocrx_word' id='word_1_249' title='bbox 235 3339 365 3393; x_wconf 85' lang='lat' dir='ltr'><strong>Codicum</strong></span> <span class='ocrx_word' id='word_1_250' title='bbox 374 3356 465 3413; x_wconf 82' lang='lat' dir='ltr'><strong>parte,</strong></span> <span class='ocrx_word' id='word_1_251' title='bbox 478 3347 523 3417; x_wconf 90' lang='lat' dir='ltr'><strong>qui</strong></span> <span class='ocrx_word' id='word_1_252' title='bbox 535 3346 628 3398; x_wconf 75' lang='lat' dir='ltr'><strong>nativis</strong></span> <span class='ocrx_word' id='word_1_253' title='bbox 635 3364 739 3418; x_wconf 74' lang='lat' dir='ltr'><strong>persua·</strong></span> <span class='ocrx_word' id='word_1_254' title='bbox 783 3361 824 3400; x_wconf 85' lang='lat' dir='ltr'><strong>ter</strong></span> <span class='ocrx_word' id='word_1_255' title='bbox 847 3358 873 3397; x_wconf 87' lang='lat' dir='ltr'><strong>et</strong></span> <span class='ocrx_word' id='word_1_256' title='bbox 891 3344 1019 3398; x_wconf 83' lang='lat' dir='ltr'><strong>Phoebum</strong></span> <span class='ocrx_word' id='word_1_257' title='bbox 1041 3344 1157 3397; x_wconf 86' lang='lat' dir='ltr'><strong>exoritur</strong></span> <span class='ocrx_word' id='word_1_258' title='bbox 1176 3353 1292 3413; x_wconf 80' lang='lat' dir='ltr'><strong>propter</strong></span> 
     </span>
     <span class='ocr_line' id='line_1_33' title="bbox 235 3419 1291 3497; baseline 0.002 -27"><span class='ocrx_word' id='word_1_259' title='bbox 235 3419 298 3472; x_wconf 79' lang='lat' dir='ltr'><strong>dent</strong></span> <span class='ocrx_word' id='word_1_260' title='bbox 315 3419 416 3493; x_wconf 74' lang='lat' dir='ltr'><strong>lapillis</strong></span> <span class='ocrx_word' id='word_1_261' title='bbox 436 3421 577 3489; x_wconf 81' lang='lat' dir='ltr'><strong>exhibent,</strong></span> <span class='ocrx_word' id='word_1_262' title='bbox 598 3437 625 3476; x_wconf 88' lang='lat' dir='ltr'><strong>et</strong></span> <span class='ocrx_word' id='word_1_263' title='bbox 642 3433 741 3476; x_wconf 81' lang='lat' dir='ltr'><strong>conant</strong></span> <span class='ocrx_word' id='word_1_264' title='bbox 783 3422 900 3497; x_wconf 77' lang='lat' dir='ltr'><strong>puellam</strong></span> <span class='ocrx_word' id='word_1_265' title='bbox 914 3427 1066 3489; x_wconf 88' lang='lat' dir='ltr'><strong>contentio,</strong></span> <span class='ocrx_word' id='word_1_266' title='bbox 1081 3441 1162 3493; x_wconf 80' lang='lat' dir='ltr'><strong>quom</strong></span> <span class='ocrx_word' id='word_1_267' title='bbox 1183 3423 1291 3473; x_wconf 80' lang='lat' dir='ltr'><strong>Mercu·</strong></span> 
     </span>
     <span class='ocr_line' id='line_1_34' title="bbox 236 3500 1293 3574; baseline 0.004 -26"><span class='ocrx_word' id='word_1_268' title='bbox 236 3516 287 3568; x_wconf 83' lang='lat' dir='ltr'><strong>pro</strong></span> <span class='ocrx_word' id='word_1_269' title='bbox 302 3514 403 3554; x_wconf 81' lang='lat' dir='ltr'><strong>canunt</strong></span> <span class='ocrx_word' id='word_1_270' title='bbox 419 3503 524 3574; x_wconf 82' lang='lat' dir='ltr'><strong>seriptis</strong></span> <span class='ocrx_word' id='word_1_271' title='bbox 540 3501 740 3554; x_wconf 72' lang='lat' dir='ltr'><strong>adversantibus</strong></span> <span class='ocrx_word' id='word_1_272' title='bbox 784 3505 839 3556; x_wconf 80' lang='lat' dir='ltr'><strong>rius</strong></span> <span class='ocrx_word' id='word_1_273' title='bbox 853 3522 870 3556; x_wconf 79' lang='lat' dir='ltr'><strong>a</strong></span> <span class='ocrx_word' id='word_1_274' title='bbox 884 3505 950 3557; x_wconf 85' lang='lat' dir='ltr'><strong>Jove</strong></span> <span class='ocrx_word' id='word_1_275' title='bbox 967 3505 1060 3556; x_wconf 77' lang='lat' dir='ltr'><strong>missus</strong></span> <span class='ocrx_word' id='word_1_276' title='bbox 1074 3504 1112 3553; x_wconf 82' lang='lat' dir='ltr'><strong>ita</strong></span> <span class='ocrx_word' id='word_1_277' title='bbox 1125 3500 1243 3565; x_wconf 85' lang='lat' dir='ltr'><strong>dirimit,</strong></span> <span class='ocrx_word' id='word_1_278' title='bbox 1259 3512 1293 3552; x_wconf 86' lang='lat' dir='ltr'><strong>ut</strong></span> 
     </span>
     <span class='ocr_line' id='line_1_35' title="bbox 235 3575 1293 3654; baseline 0.001 -27"><span class='ocrx_word' id='word_1_279' title='bbox 235 3575 310 3629; x_wconf 77' lang='lat' dir='ltr'><strong>libris</strong></span> <span class='ocrx_word' id='word_1_280' title='bbox 329 3591 432 3632; x_wconf 82' lang='lat' dir='ltr'><strong>tanturn</strong></span> <span class='ocrx_word' id='word_1_281' title='bbox 450 3599 506 3632; x_wconf 91' lang='lat' dir='ltr'><strong>non</strong></span> <span class='ocrx_word' id='word_1_282' title='bbox 525 3580 650 3633; x_wconf 81' lang='lat' dir='ltr'><strong>omnibus</strong></span> <span class='ocrx_word' id='word_1_283' title='bbox 670 3578 740 3632; x_wconf 87' lang='lat' dir='ltr'><strong>idom</strong></span> <span class='ocrx_word' id='word_1_284' title='bbox 784 3580 865 3652; x_wconf 75' lang='lat' dir='ltr'><strong>eligat</strong></span> <span class='ocrx_word' id='word_1_285' title='bbox 878 3580 922 3635; x_wconf 81' lang='lat' dir='ltr'><strong>illa</strong></span> <span class='ocrx_word' id='word_1_286' title='bbox 937 3601 1015 3654; x_wconf 88' lang='lat' dir='ltr'><strong>quem</strong></span> <span class='ocrx_word' id='word_1_287' title='bbox 1029 3580 1109 3632; x_wconf 83' lang='lat' dir='ltr'><strong>velit:</strong></span> <span class='ocrx_word' id='word_1_288' title='bbox 1124 3578 1197 3649; x_wconf 72' lang='lat' dir='ltr'><strong>eligit</strong></span> <span class='ocrx_word' id='word_1_289' title='bbox 1213 3575 1293 3629; x_wconf 76' lang='lat' dir='ltr'><strong>idern</strong></span> 
     </span>
     <span class='ocr_line' id='line_1_36' title="bbox 235 3652 1295 3734; baseline 0.002 -27"><span class='ocrx_word' id='word_1_290' title='bbox 235 3652 281 3707; x_wconf 87' lang='lat' dir='ltr'><strong>ille</strong></span> <span class='ocrx_word' id='word_1_291' title='bbox 292 3660 421 3729; x_wconf 71' lang='lat' dir='ltr'><strong>reposuit.</strong></span> <span class='ocrx_word' id='word_1_292' title='bbox 434 3662 515 3713; x_wconf 89' lang='lat' dir='ltr'><strong>Porro</strong></span> <span class='ocrx_word' id='word_1_293' title='bbox 528 3661 556 3711; x_wconf 92' lang='lat' dir='ltr'><strong>in</strong></span> <span class='ocrx_word' id='word_1_294' title='bbox 569 3657 741 3712; x_wconf 78' lang='lat' dir='ltr'><strong>iievooabula</strong></span> <span class='ocrx_word' id='word_1_295' title='bbox 784 3665 918 3734; x_wconf 72' lang='lat' dir='ltr'><strong>Marpesa.</strong></span> <span class='ocrx_word' id='word_1_296' title='bbox 942 3661 1008 3714; x_wconf 82' lang='lat' dir='ltr'><strong>Vide</strong></span> <span class='ocrx_word' id='word_1_297' title='bbox 1030 3661 1137 3712; x_wconf 87' lang='lat' dir='ltr'><strong>llomer.</strong></span> <span class='ocrx_word' id='word_1_298' title='bbox 1160 3654 1237 3710; x_wconf 79' lang='lat' dir='ltr'><strong>Iliad.</strong></span> <span class='ocrx_word' id='word_1_299' title='bbox 1263 3678 1295 3723; x_wconf 77' lang='grc' dir='ltr'><strong>ι,</strong></span> 
     </span>
     <span class='ocr_line' id='line_1_37' title="bbox 236 3734 1265 3814; baseline 0.005 -29"><span class='ocrx_word' id='word_1_300' title='bbox 236 3734 339 3790; x_wconf 78' lang='lat' dir='ltr'><strong>nativos</strong></span> <span class='ocrx_word' id='word_1_301' title='bbox 356 3749 382 3789; x_wconf 86' lang='lat' dir='ltr'><strong>et</strong></span> <span class='ocrx_word' id='word_1_302' title='bbox 397 3756 446 3808; x_wconf 82' lang='lat' dir='ltr'><strong>per</strong></span> <span class='ocrx_word' id='word_1_303' title='bbox 462 3757 488 3791; x_wconf 79' lang='lat' dir='ltr'><strong>se</strong></span> <span class='ocrx_word' id='word_1_304' title='bbox 502 3740 586 3791; x_wconf 82' lang='lat' dir='ltr'><strong>otiose</strong></span> <span class='ocrx_word' id='word_1_305' title='bbox 600 3735 740 3808; x_wconf 82' lang='lat' dir='ltr'><strong>copulata,</strong></span> <span class='ocrx_word' id='word_1_306' title='bbox 787 3742 838 3796; x_wconf 81' lang='lat'><strong>553</strong></span> <span class='ocrx_word' id='word_1_307' title='bbox 853 3761 912 3814; x_wconf 76' lang='lat' dir='ltr'><strong>sqq,</strong></span> <span class='ocrx_word' id='word_1_308' title='bbox 924 3740 1081 3813; x_wconf 79' lang='lat' dir='ltr'><strong>Apollodor.</strong></span> <span class='ocrx_word' id='word_1_309' title='bbox 1093 3741 1119 3807; x_wconf 87' lang='lat'><strong>1,</strong></span> <span class='ocrx_word' id='word_1_310' title='bbox 1134 3740 1160 3792; x_wconf 80' lang='grc'><strong>8.</strong></span> <span class='ocrx_word' id='word_1_311' title='bbox 1262 3790 1265 3795; x_wconf 86' lang='grc'>,</span> 
     </span>
     <span class='ocr_line' id='line_1_38' title="bbox 237 3812 1297 3892; baseline 0.004 -29"><span class='ocrx_word' id='word_1_312' title='bbox 237 3812 348 3866; x_wconf 80' lang='lat' dir='ltr'><strong>verbum</strong></span> <span class='ocrx_word' id='word_1_313' title='bbox 372 3816 505 3889; x_wconf 74' lang='lat' dir='ltr'><strong>adspicere</strong></span> <span class='ocrx_word' id='word_1_314' title='bbox 529 3828 655 3887; x_wconf 72' lang='lat' dir='ltr'><strong>preterea</strong></span> <span class='ocrx_word' id='word_1_315' title='bbox 679 3834 741 3867; x_wconf 86' lang='lat' dir='ltr'><strong>cum</strong></span> <span class='ocrx_word' id='word_1_316' title='bbox 824 3820 1083 3892; x_wconf 77' lang='lat' dir='ltr'><strong>19.NecPhry9ium</strong></span> <span class='ocrx_word' id='word_1_317' title='bbox 1091 3812 1297 3884; x_wconf 70' lang='lat' dir='ltr'><strong>maiiwmlma·</strong></span> 
     </span>
     <span class='ocr_line' id='line_1_39' title="bbox 238 3894 1296 3970; baseline 0.005 -27"><span class='ocrx_word' id='word_1_318' title='bbox 238 3894 326 3955; x_wconf 72' lang='lat' dir='ltr'><strong>ovium</strong></span> <span class='ocrx_word' id='word_1_319' title='bbox 347 3908 429 3948; x_wconf 81' lang='lat' dir='ltr'><strong>centu</strong></span> <span class='ocrx_word' id='word_1_320' title='bbox 448 3916 503 3949; x_wconf 91' lang='lat' dir='ltr'><strong>non</strong></span> <span class='ocrx_word' id='word_1_321' title='bbox 525 3897 594 3948; x_wconf 86' lang='lat' dir='ltr'><strong>bene</strong></span> <span class='ocrx_word' id='word_1_322' title='bbox 612 3908 741 3948; x_wconf 82' lang='lat' dir='ltr'><strong>structum</strong></span> <span class='ocrx_word' id='word_1_323' title='bbox 787 3901 849 3951; x_wconf 71' lang='lat' dir='ltr'><strong>ritus</strong></span> <span class='ocrx_word' id='word_1_324' title='bbox 859 3917 910 3970; x_wconf 89' lang='lat' dir='ltr'><strong>pro</strong></span> <span class='ocrx_word' id='word_1_325' title='bbox 922 3910 1057 3963; x_wconf 78' lang='lat' dir='ltr'><strong>amatore,</strong></span> <span class='ocrx_word' id='word_1_326' title='bbox 1073 3896 1106 3949; x_wconf 89' lang='lat' dir='ltr'><strong>de</strong></span> <span class='ocrx_word' id='word_1_327' title='bbox 1119 3914 1172 3967; x_wconf 84' lang='lat' dir='ltr'><strong>quo</strong></span> <span class='ocrx_word' id='word_1_328' title='bbox 1182 3894 1296 3948; x_wconf 76' lang='lat' dir='ltr'><strong>Servius</strong></span> 
     </span>
     <span class='ocr_line' id='line_1_40' title="bbox 237 3972 1296 4051; baseline 0.002 -27"><span class='ocrx_word' id='word_1_329' title='bbox 237 3972 422 4030; x_wconf 74' lang='lat' dir='ltr'><strong>Lachmennue</strong></span> <span class='ocrx_word' id='word_1_330' title='bbox 431 3977 601 4051; x_wconf 76' lang='lat' dir='ltr'><strong>reprehendit</strong></span> <span class='ocrx_word' id='word_1_331' title='bbox 614 4018 623 4045; x_wconf 90' lang='lat'><strong>,</strong></span> <span class='ocrx_word' id='word_1_332' title='bbox 638 3998 671 4032; x_wconf 87' lang='lat' dir='ltr'><strong>ex</strong></span> <span class='ocrx_word' id='word_1_333' title='bbox 683 3977 742 4032; x_wconf 83' lang='lat' dir='ltr'><strong>aliis</strong></span> <span class='ocrx_word' id='word_1_334' title='bbox 788 3980 822 4033; x_wconf 84' lang='lat' dir='ltr'><strong>ad</strong></span> <span class='ocrx_word' id='word_1_335' title='bbox 832 3980 923 4051; x_wconf 73' lang='lat' dir='ltr'><strong>virgil.</strong></span> <span class='ocrx_word' id='word_1_336' title='bbox 936 3979 1040 4032; x_wconf 81' lang='lat' dir='ltr'><strong>AEneid.</strong></span> <span class='ocrx_word' id='word_1_337' title='bbox 1049 3980 1101 4046; x_wconf 84' lang='lat' dir='ltr'><strong>lV,</strong></span> <span class='ocrx_word' id='word_1_338' title='bbox 1115 3976 1184 4047; x_wconf 82' lang='lat'>⁵36)</span> <span class='ocrx_word' id='word_1_339' title='bbox 1193 3975 1296 4041; x_wconf 78' lang='lat' dir='ltr'><strong>traxit,</strong></span> 
     </span>
     <span class='ocr_line' id='line_1_41' title="bbox 237 4050 1297 4132; baseline 0 -26"><span class='ocrx_word' id='word_1_340' title='bbox 237 4050 515 4129; x_wconf 69' lang='lat' dir='ltr'><strong>librieeornpiunhut,</strong></span> <span class='ocrx_word' id='word_1_341' title='bbox 525 4061 594 4113; x_wconf 85' lang='lat' dir='ltr'><strong>inter</strong></span> <span class='ocrx_word' id='word_1_342' title='bbox 603 4060 744 4132; x_wconf 84' lang='lat' dir='ltr'><strong>quosGro·</strong></span> <span class='ocrx_word' id='word_1_343' title='bbox 788 4060 921 4126; x_wconf 73' lang='lat' dir='ltr'><strong>adtraxit,</strong></span> <span class='ocrx_word' id='word_1_344' title='bbox 940 4058 1082 4130; x_wconf 81' lang='lat' dir='ltr'><strong>Pelopem,</strong></span> <span class='ocrx_word' id='word_1_345' title='bbox 1104 4055 1216 4111; x_wconf 77' lang='lat' dir='ltr'><strong>extemis</strong></span> <span class='ocrx_word' id='word_1_346' title='bbox 1232 4057 1297 4125; x_wconf 67' lang='lat' dir='ltr'><strong>ejus</strong></span> 
     </span>
    </p>
   </div>
   <div class='ocr_carea' id='block_1_4' title="bbox 0 0 1347 4800">
    <p class='ocr_par' dir='ltr' id='par_1_5' title="bbox 0 0 1347 4800">
     <span class='ocr_line' id='line_1_42' title="bbox 0 0 1347 4800; baseline 0 0"><span class='ocrx_word' id='word_1_347' title='bbox 0 0 1347 4800; x_wconf 95' lang='lat' dir='ltr'><strong> </strong></span> 
     </span>
    </p>
   </div>
  </div>
 </body>
</html>
