2648 4792
147 334 185 401 16
466 334 727 401 PROPERTll
751 335 862 399 VlTA

141 461 356 523 continebatur
372 485 380 521 ι
394 460 457 521 vid.
471 460 629 541 Castigatt.
643 460 675 519 in
687 460 826 540 Propert.
840 481 909 541 pag.
922 459 1001 520 med.
1013 481 1079 542 2¹9·
1094 463 1183 524 Circa

140 558 222 620 idem
242 572 362 642 tempus
384 558 504 619 videtur
526 558 617 618 etiam
639 556 735 637 elegia
755 577 789 616 αι
811 555 865 616 lib.
880 557 924 617 lll
941 557 1052 639 scripta
1074 556 1182 637 fuine,

140 675 240 736 quum
251 676 287 717 ex
300 655 493 738 impatientia
513 654 645 729 amoris,
665 653 715 714 cui
729 650 865 735 Cynthia
883 673 950 715 non
967 655 1037 716 satis
1057 675 1183 738 respon·

141 752 249 828 debat,
263 754 322 814 iter
340 751 473 814 Athenas
486 750 714 835 suscipiendum
727 752 894 812 simularet.
909 752 966 812 Vix
985 754 1068 813 enim
1083 751 1183 813 addu-

140 873 192 913 cor
204 866 240 912 nt
253 852 395 927 credam,
418 864 544 935 poetam
561 843 710 934 umquam
724 850 781 911 iter
794 848 912 927 fecisse,
926 871 966 913 ne
985 871 1040 933 per
1053 850 1183 932 elegiam

140 1021 232 1086 nermi,
243 1017 407 1088 Callimachi,
418 1032 444 1071 et
452 1017 557 1072 Philetas
567 1017 641 1071 libel·
684 1030 806 1090 quem,ut
813 1016 899 1070 adhuc
905 1014 1184 1088 parvasacrabenigne

139 1096 179 1151 los
191 1096 326 1169 intelligit,
338 1100 381 1151 cui
394 1112 544 1151 commento
556 1115 640 1169 quao-
683 1097 803 1166 accipere
812 1095 886 1161 velit,
894 1093 1021 1168 rogat3hi
1029 1112 1131 1162 venus,
1143 1097 1185 1147 in-

140 1179 235 1229 tumsis
251 1179 343 1250 inepto
359 1180 539 1246 Burunitanus,
554 1194 584 1230 ιιι
600 1190 640 1230 est
684 1191 779 1245 quam,
793 1173 871 1241 alibi,
886 1192 965 1245 qnam
980 1175 1007 1225 in
1022 1175 1109 1247 capite
1121 1171 1184 1235 libri

139 1254 203 1309 levis
212 1268 239 1308 et
246 1256 390 1323 mutabilis,
397 1271 423 1309 et
429 1259 480 1329 ipsi
490 1260 639 1311 assentitur.
683 1255 805 1325 Augusto
815 1253 942 1322 dedicati,
953 1255 1018 1326 poni
1027 1273 1081 1306 non
1091 1266 1185 1326 potue·

139 1333 260 1388 Berthius
279 1336 306 1387 in
325 1337 384 1388 Vita
404 1339 533 1408 Propertii
552 1335 640 1407 (infra
683 1350 753 1387 runc
764 1335 834 1403 Quid
849 1336 1001 1389 dubitamus
1012 1338 1106 1407 igitur,
1119 1335 1184 1406 quin

139 1433 202 1486 pag.
215 1416 276 1487 25),
295 1414 340 1467 «si
359 1417 417 1488 quis
433 1436 464 1468 ex
480 1436 508 1469 se
526 1429 640 1488 quaerat,
683 1411 751 1466 liber
765 1416 858 1466 tertius
870 1413 904 1466 ab
918 1434 950 1468 eo
965 1416 1095 1479 carmine,
1107 1415 1184 1484 cujus

139 1512 187 1547 cur
204 1494 259 1547 haec
274 1493 344 1546 libro
363 1495 481 1547 secundo
502 1494 639 1568 legantur,
682 1490 740 1545 haec
750 1494 877 1565 particula
892 1507 1021 1566 superest,
1028 1495 1130 1546 initium
1142 1511 1184 1545 ce·

139 1591 189 1626 nec
210 1572 315 1626 demum
338 1577 433 1640 tertio,
453 1573 558 1628 facilem
582 1594 639 1630 esse
683 1574 768 1644 pisse,
784 1589 924 1646 sequentes
942 1587 1027 1625 autam
1045 1572 1122 1637 libri,
1136 1574 1185 1643 qui

139 1653 336 1720 responsionem
354 1674 365 1698 e
383 1651 464 1718 dicit,
487 1676 497 1699 s
513 1656 638 1726 quoniam
684 1651 771 1704 adhuc
782 1672 831 1725 pro
845 1656 922 1706 tertio
938 1666 1086 1726 quartoque
1099 1650 1183 1704 habiti

139 1728 264 1780 nimirum
275 1747 362 1801 neque
378 1731 530 1802 Propertius
550 1751 638 1805 neque
683 1744 758 1799 aunt,
768 1745 877 1803 quartus
884 1734 1043 1805 quintusque
1051 1732 1184 1783 numerari

139 1807 263 1860 Horatiae
273 1811 389 1862 carmina
399 1830 447 1863 sua
459 1810 553 1865 ordine
564 1813 640 1865 chro-
683 1808 843 1862 debuerint?

139 1885 262 1959 nologico
274 1891 422 1959 composita
434 1890 577 1959 ediderint,
591 1893 639 1945 sed
717 1889 764 1941 His
786 1890 822 1940 ita
844 1890 937 1960 positis
958 1906 1040 1961 quum
1060 1905 1182 1957 magnam

138 1965 181 2018 ille
202 1970 352 2039 promiscue
369 1972 512 2040 conjecerit
531 1973 558 2023 in
577 1972 638 2025 illos
682 1985 783 2042 partem
801 1988 911 2034 eorum,
932 1988 990 2041 que
1009 1967 1131 2020 Barthius
1149 1968 1184 2022 de

138 2043 206 2099 duos
218 2045 299 2100 libros
312 2046 476 2117 (secundum
489 2068 521 2102 ac
532 2053 638 2103 tertium
682 2065 800 2123 tempore
809 2051 931 2104 editionis
940 2051 1067 2103 librorum
1073 2052 1184 2122 Proper

97 2128 101 2142 '
138 2123 259 2197 intelligit
274 2125 428 2200 Boethius),
443 2128 570 2201 quidquid
585 2129 635 2184 ele·
682 2132 727 2197 tii,
747 2132 821 2183 vanis
842 2129 1062 2182 hariolationibus
1084 2131 1183 2200 megia,

137 2205 241 2272 &arum
249 2203 285 2257 ad
298 2223 392 2258 manus
403 2221 488 2271 esset,
498 2210 575 2260 sicuti
584 2211 639 2262 Ho-
683 2227 762 2281 qnam
777 2210 854 2261 certis
872 2211 1004 2261 rationum
1015 2210 1184 2279 ¹argumentis

138 2284 220 2336 ratius
230 2282 639 2359 odaslibriletll,unotempore
682 2287 813 2354 confisus,
829 2286 989 2359 disputavit,
1005 2288 1086 2340 everti
1100 2305 1184 2359 appa·

137 2364 300 2433 conjunctim
315 2363 395 2431 editi,
404 2368 554 2436 promiscue
566 2368 639 2422 ordi-
681 2382 754 2433 reat,
767 2366 800 2419 de
812 2365 864 2418 lrac
875 2384 903 2417 re
913 2368 998 2418 vuum
1013 2376 1052 2417 est
1063 2383 1108 2431 ea,
1126 2384 1183 2437 ques

104 2495 106 2497 .
137 2442 270 2494 neverit·
282 2445 380 2496 Damus
391 2444 459 2497 hcc:
470 2446 638 2501 sedabsurde
682 2446 772 2498 omnia
781 2444 833 2496 hnc
847 2443 1004 2515 pertinentia
1017 2442 1183 2513 anquirendc

137 2533 228 2573 tamen
241 2523 294 2591 egit
304 2537 400 2594 poeta,
413 2527 435 2576 si
448 2524 499 2578 lrcc
515 2546 637 2595 carmen,
682 2526 780 2595 reperi,
792 2520 926 2576 nonnullis
936 2520 970 2574 da
978 2524 1029 2574 vita
1039 2522 1183 2594 Propertii,

137 2601 165 2650 in
179 2617 234 2670 quo
246 2602 324 2653 trium
340 2601 469 2656 librorum
486 2608 584 2658 mentio
597 2608 637 2657 in·
683 2621 739 2675 quae
754 2621 851 2675 parum
867 2598 1004 2670 explorata
1016 2601 1078 2652 viris
1095 2598 1182 2653 doctis

134 2679 241 2748 jicitnr,
262 2680 337 2732 nulla
357 2683 462 2755 quidem
480 2687 637 2738 necestitate
683 2679 1183 2751 esseanimadvarti,adjectis,cttrinse

137 2759 637 2828 cogente,secnndoinseruit.·Hcccine
683 2780 714 2813 ac
734 2759 873 2832 diligenter
899 2778 1040 2832 exponere.
1068 2760 1182 2811 Primum

136 2836 231 2906 igitur,
243 2855 276 2888 an
289 2840 378 2910 potius
390 2838 443 2891 hoc
457 2860 563 2894 carmen
573 2843 636 2894 clim
680 2841 759 2912 igitur
773 2839 851 2910 (nam
864 2830 930 2893 hincv
948 2837 1107 2892 ordiendum
1125 2839 1184 2911 est)

137 2917 164 2967 in
174 2913 242 2967 libro
249 2919 325 2969 tertio
335 2917 433 2971 lectum
444 2921 534 2986 fuisse,
544 2934 636 2991 postea
681 2921 834 2992 Propertius
846 2921 902 2990 ipse
913 2917 963 2973 sibi
975 2919 1047 2972 testis
1061 2931 1101 2972 est
1116 2920 1184 2992 Cyn·

136 3006 238 3061 autem,
253 3014 335 3068 quum
348 2997 457 3050 secundi
469 3017 563 3070 magna
574 3019 636 3071 pars
682 2997 762 3051 thiam
775 3018 824 3070 per
838 3001 953 3070 quinque
970 3017 1054 3050 annos
1070 2996 1184 3051 fideliter

137 3074 324 3144 intercidisset,
342 3076 393 3130 hos
406 3077 474 3130 duos
491 3078 572 3132 libros
586 3099 635 3151 pro
681 3080 808 3132 amavisse
820 3075 887 3147 (lll,
900 3078 948 3144 25,
961 3076 1011 3148 3):

135 3152 637 3307 Ϊὲίθὲὶῗδίἓῗοὲῒίυἶὶἱῖῗξὶῗῗιῑ
660 3216 667 3243 ,
682 3189 776 3246 Quinque
785 3187 824 3230 tibi
832 3189 890 3244 potui
899 3187 975 3230 servire
982 3184 1071 3231 fideliter
1077 3201 1150 3230 annea.

249 3272 257 3301 i

136 3312 301 3383 fragmenta,
320 3313 411 3385 quod,
432 3332 513 3386 quum
531 3313 637 3384 locum,

137 3392 182 3444 cui
196 3391 323 3459 debetur,
338 3408 493 3465 argumento
505 3414 554 3447 suo
568 3393 637 3447 clare

136 3470 251 3537 indicet,
264 3473 443 3541 conjecturam
456 3487 576 3526 nostram
590 3491 638 3525 nc·

137 3567 167 3600 va
184 3549 383 3602 confirmatione
401 3552 429 3602 in
445 3565 503 3603 tuto
515 3549 637 3604 collocat.

137 3629 238 3700 Nempe
247 3627 277 3680 hi
285 3647 375 3681 versus
385 3629 426 3699 (ll
432 3667 441 3695 ,
459 3631 519 3700 to)=

681 3277 831 3347 Hocqnum
841 3273 946 3327 vidisset
955 3273 1093 3342 Barthius‚
1108 3274 1183 3329 hunc
1222 3289 1225 3295 '

682 3373 799 3406 amorem
812 3353 923 3406 fidenter
938 3355 1057 3425 annoU·
1072 3353 1101 3406 C.
1119 3357 1183 3407 Var-

681 3435 793 3485 roniano
811 3433 862 3503 723
880 3446 906 3484 et
926 3446 1041 3505 quatuor
1052 3431 1125 3485 hunc
1142 3435 1184 3485 in·

683 3514 778 3563 secutis
792 3513 947 3581 assignavit,
964 3512 1117 3580 conjectura
1135 3510 1184 3564 du·

683 3603 759 3656 ctus,
781 3609 860 3663 quam
884 3592 921 3642 rei
945 3589 1104 3663 explicandae
1127 3609 1183 3644 non

683 3668 808 3721 idoneam
821 3669 888 3722 alius
900 3669 974 3723 locus
992 3669 1106 3723 ostendit
1118 3670 1182 3739 (lll,

137 3742 176 3785 Sed
183 3742 592 3800 tempuslustrarealiislielicontclroreis,
599 3754 636 3788 etc.
687 3750 718 3803 16
723 3788 732 3818 ’
740 3749 788 3821 9)¹

138 3837 234 3910 quibus
242 3838 356 3910 puellam
366 3857 441 3891 suam
449 3841 505 3909 jam
515 3840 577 3893 satis
587 3840 638 3893 sibi
681 3863 786 3904 pm„
796 3859 898 3913 „malm
907 3869 974 3904 mum
983 3875 1028 3905 eum
1038 3860 1107 3918 palem
1116 3863 1137 3904 in
1147 3876 1182 3905 m.

139 3920 262 3989 scriptam
280 3931 387 3986 narrat,
407 3936 449 3970 ree
468 3917 501 3969 ab
518 3920 636 3989 Augusto
761 3935 824 3973 num

137 4012 223 4068 gestas
252 3997 443 4050 celebraturum
462 4001 637 4070 promittens,
682 4006 728 4074 qui
755 4020 843 4055 versus
874 4004 914 4055 isti
942 4000 1043 4055 calculo
1076 4021 1180 4057 omnem
