2648 4792
445 361 558 429 vm
580 362 852 430 PROPERTll.
1148 372 1166 436 3
1248 372 1252 379 '

134 490 298 550 trociuium
309 501 340 548 et
348 487 519 548 amicitiam
527 489 730 567 consequutus
742 499 802 564 est,
812 485 898 568 cujus
910 483 1007 550 bortis
1019 491 1053 551 ia
1061 493 1169 574 Esqui-

135 587 197 647 liua
209 588 336 668 regione
348 585 456 668 positis
468 584 608 666 proxime
622 581 772 644 habitavit
781 594 800 643 ¹.
914 627 918 635 ·

172 685 264 747 Gallo
276 683 398 746 cuidam
403 694 425 758 ²,
435 685 500 745 vim
509 682 624 760 nobili,
636 672 793 744 amoribus
803 681 927 761 dedito,
937 704 996 746 nec
1002 705 1068 757 noa
1079 687 1171 751 Tullo

134 782 304 846 consularis
320 782 465 858 familiae,
485 782 540 865 qui
557 775 661 863 plures
677 783 712 842 iu
731 781 809 843 urba
826 781 961 864 lorisque
978 786 1172 866 magistratus

135 879 253 963 gessit3,
261 881 452 962 gratissimus
460 877 521 939 tuit
531 879 715 961 Propertius.
731 874 895 955 Ovidium,
907 880 1088 958 Ponticum,
1099 884 1171 944 Bas·

136 1000 202 1041 sum
219 991 342 1060 poetas,
364 974 495 1058 aquales
516 994 603 1051 suos,
619 973 813 1037 familiariter
830 974 952 1053 dileait5
972 960 1108 1058 auorum
1122 979 1173 1062 ju-

135 1074 229 1153 dicia,
243 1077 269 1137 si
283 1073 358 1158 quid
372 1073 491 1157 populo
504 1073 683 1134 recitaturus
696 1086 772 1134 esset
780 1112 794 1151 2
802 1074 890 1156 prius
901 1075 1031 1157 experiri
1044 1095 1173 1139 cousue-

136 1186 228 1251 rerat.
239 1172 381 1246 Hostiam
393 1169 547 1253 puellam,
561 1189 685 1230 summo
698 1190 808 1252 genere
823 1183 947 1249 natam,
967 1192 1063 1253 quam
1072 1214 1086 1249 ,-
1097 1193 1174 1234 ¹vero

136 1270 261 1330 nomine
276 1268 483 1344 dissimulato,
497 1265 666 1349 Cynthiam-
677 1266 778 1328 dicere
793 1266 922 1347 maluit,-
935 1280 972 1328 ut
987 1269 1029 1330 ab
1044 1268 1175 1354 Apraleio

138 1367 323 1446 accepimus,
335 1362 497 1423 immodice
506 1364 654 1423 amavisse
663 1362 794 1422 videtur.
805 1364 894 1424 Hanc
903 1364 1050 1428 omnibus
1057 1381 1176 1426 natiuae

137 1465 270 1543 artisque
282 1461 405 1521 dotibus
423 1474 564 1521 ornatam
581 1460 673 1520 nobis
686 1459 846 1536 describit,
861 1482 880 1520 a
893 1461 1053 1522 Musarum
1071 1467 1176 1544 praeci·

139 1580 195 1640 pue
209 1561 302 1618 sacris
314 1578 378 1618 non
393 1555 621 1618 abhorrentem.
636 1557 697 1634 Qui
716 1578 789 1617 vero
805 1559 1000 1640 Propertium
1016 1579 1079 1619 una
1094 1560 1179 1643 Cyn·

138 1654 201 1715 tbia
210 1667 390 1716 contentum
402 1654 571 1730 credidere,
583 1654 713 1735 elegiam
722 1652 808 1713 illam
817 1655 887 1714 satis
898 1653 1099 1716 considerasse
1111 1677 1177 1717 uon

139 1754 297 1828 ridentur,
323 1773 385 1834 qua
410 1773 440 1811 se
460 1750 565 1811 multis
590 1751 747 1811 amoribus
771 1751 940 1810 obnoxium
967 1765 997 1811 et
1016 1752 1179 1833 cujuslibet

139 1849 244 1910 formae
262 1848 428 1909 mulierum
442 1861 644 1931 spectatorem
663 1848 923 1929 elegantissimum
942 1849 1056 1909 sincere
1070 1850 1178 1911 admo·

137 1950 211 2009 dum
244 1947 408 2031 profitetur
421 1945 446 2006 4.
473 1947 645 2008 Octaviano
673 1948 784 2007 Caesari
810 1967 875 2006 nou
903 1947 995 2006 semel
1020 1947 1179 2008 blanditus

139 2059 196 2121 est,
214 2047 396 2121 immemor,
414 2057 505 2128 puto,
520 2043 720 2124 injuriarum,
742 2064 818 2125 quas
835 2043 874 2102 ab
895 2044 962 2125 ipso
981 2056 1012 2102 et
1027 2044 1178 2105 militibus

139 2142 201 2224 ejus
220 2155 393 2224 acceperat,
415 2143 603 2224 maximique
623 2141 771 2223 principis
793 2141 924 2221 gratiam
944 2139 1090 2222 obsequio
1114 2163 1179 2202 car·

140 2243 232 2302 minis
245 2254 424 2322 aucupatus.

177 2335 405 2398 Callimachum
426 2349 456 2396 et
476 2334 629 2396 Philetam
649 2333 688 2394 ad
702 2333 890 2395 imitandum
904 2334 963 2394 sibi
980 2332 1180 2416 proposuit53

140 2434 188 2494 sed
201 2433 280 2495 falso
295 2434 435 2515 Elegiam
448 2455 467 2492 a
481 2453 511 2492 se
525 2435 662 2516 primum
680 2451 717 2491 ea
731 2431 846 2491 Graecis
863 2431 1003 2491 lontibus
1017 2433 1101 2514 apud
1119 2435 1180 2494 llo·

141 2554 250 2593 manos
263 2533 427 2593 deductam
443 2528 564 2608 canifi,
580 2540 681 2613 quum
692 2545 763 2591 ante
777 2528 866 2589 illum
883 2528 1023 2590 Catullus
1039 2531 1070 2590 id
1081 2543 1180 2589 teuta·

141 2634 228 2693 visset
242 2652 357 2713 magno
372 2651 518 2706 successu.
541 2629 702 2691 Helladem
718 2641 799 2689 certe
813 2648 938 2688 omnem
961 2627 1180 2711 depopulatus,

140 2730 346 2788 transmarino
366 2727 428 2787 sale
447 2728 559 2808 scripta
579 2746 634 2785 sua
654 2724 810 2798 condivit,
830 2737 968 2783 veterum
986 2722 1181 2800 fabularum,

142 2827 186 2884 uti
201 2824 343 2908 adparet,
357 2823 604 2885 studiosissimus.
619 2822 773 2885 Credibile
786 2835 848 2897 est,
863 2820 1011 2881 Ovidium
1024 2821 1063 2881 ad
1077 2822 1181 2883 Fasto-

141 2945 210 2983 rum
234 2922 331 2984 libros
353 2935 383 2982 et
406 2920 578 2983 Heroidum
604 2914 747 3004 epistolas
769 2917 1005 2980 conscribendas
1028 2920 1181 3002 Propertii

142 3019 269 3080 lectione
282 3019 464 3095 excitatum3
478 3019 598 3100 praeivit
617 3018 703 3077 euim
718 3028 811 3098 pocta
827 3013 943 3074 Umber
957 3014 1098 3097 pluribus
1111 3015 1182 3075 libri

142 3120 241 3200 quarti
253 3117 447 3178 carminibus.
461 3118 660 3198 Quamquam
683 3127 786 3174 autem
805 3116 882 3173 vires
903 3114 1018 3193 ingenii
1037 3115 1085 3172 sui
1107 3134 1182 3174 cou-

144 3215 222 3275 sulto
243 3229 404 3291 extenuat,
429 3236 544 3296 magno
566 3227 671 3273 tamen
691 3212 800 3294 spiritu
819 3225 848 3270 et
872 3209 1002 3270 heroicis
1027 3210 1183 3292 aptissimo

144 3310 289 3391 praeditus
304 3310 385 3370 luit:
401 3310 487 3394 cujus
505 3310 549 3370 rei
562 3308 658 3370 fidem
677 3307 796 3368 faciunt
810 3328 863 3381 ea,
877 3326 945 3387 quae
963 3306 1002 3366 de
1016 3307 1183 3389 antiquita·

144 3409 225 3468 tibus
241 3408 332 3468 Urbis
345 3411 451 3470 Romoe
461 3420 489 3480 7,
501 3407 539 3468 de
552 3407 679 3487 Augusti
692 3400 846 3465 victoriis⁸
859 3417 889 3463 et
902 3402 940 3462 de
958 3404 1102 3464 Cornelia
1117 3424 1182 3464 ma·

145 3518 235 3590 tropa
257 3505 358 3566 Paulli
392 3507 528 3567 censoris
551 3511 679 3580 uxore9,
705 3500 871 3584 magnifico
899 3501 1062 3562 verborum
1089 3502 1184 3584 adpa-

184 3641 385 3710 1.111,23,24.
723 3638 747 3690 5.
758 3637 837 3689 Cous.
850 3638 896 3700 lll,
913 3653 940 3702 1,
957 3652 965 3688 ι
981 3654 1019 3708 sq.

182 3743 207 3778 ῃ.
224 3722 318 3793 Elegiae
336 3719 425 3791 plures
439 3731 540 3771 exstant
557 3717 617 3770 libri
631 3720 643 3770 l
722 3717 748 3768 6.
764 3717 814 3776 lll,
829 3733 858 3782 1,
876 3716 892 3769 3
908 3733 948 3786 sq.
959 3715 1025 3768 Vide
1043 3733 1100 3786 que
1117 3716 1184 3767 infra

147 3806 194 3858 sub
216 3806 272 3874 ejus
293 3801 408 3851 nomine.
429 3797 497 3851 Vide
531 3812 586 3850 not.
609 3795 644 3848 ad
689 3795 813 3848 dicuntur
823 3813 885 3865 pag.
901 3813 942 3866 ²9·

149 3885 233 3935 Vitam
245 3876 406 3947 Utrouolog.
419 3894 480 3948 pag.
500 3893 537 3928 ιι.
726 3892 750 3944 7.
763 3875 811 3939 lV,
831 3890 853 3924 ι.

183 3965 209 4015 3.
222 3957 288 4011 Vide
300 3976 361 4009 mox
374 3974 434 4027 pag.
451 3973 493 4007 ao.
728 3952 752 4002 8.
765 3953 804 4016 ll,
821 3966 868 4013 103
883 3952 930 4019 lll,
942 3950 974 4018 4,
985 3965 1034 4003 etc.

185 4040 210 4098 i.
224 4041 255 4103 ll,
271 4053 313 4090 aa.
727 4048 752 4099 9.
767 4031 816 4097 tv,
835 4047 874 4081 ιι.
