2648 4792
138 426 179 473 uu
455 396 719 461 PROPERTll
744 393 878 462 Vl'l'd‘

135 526 240 591 llulltu
250 518 410 609 prulactus
421 520 555 603 AEgypti.
567 523 610 582 M.
622 522 759 583 Valerius
769 521 898 583 Messala
908 525 948 583 ab
959 525 1176 605 augustaeum

135 622 265 711 ltupurio
277 621 310 683 iu
322 619 425 681 Asiam
435 618 583 694 mittitur,
595 619 634 679 ad
648 619 754 680 turbas
767 621 807 679 ab
819 622 945 680 Antonii
956 620 1177 702 gladiatoribus

134 720 194 787 llllc
206 720 349 781 miuus
360 716 606 799 componendas,
622 717 758 800 aliasque
769 718 861 778 simul
877 738 925 778 res
936 719 1176 779 constituendas.

132 818 179 883 tit.
195 818 256 879 tuo
274 814 329 891 Ll,
344 835 408 876 non
426 813 520 895 louge
539 836 558 875 a
575 815 708 898 princip.
727 817 825 897 Atque
846 816 884 876 ad
902 814 963 877 hoc
980 835 1039 897 ego
1055 829 1177 899 tempus

131 918 230 983 solere
242 932 306 979 tarn
318 915 518 997 scriptionem
529 914 634 996 elegiae
645 917 666 975 6
678 915 732 976 lib.
747 917 779 992 l,
794 932 888 998 quam
901 916 1069 976 editionem
1080 918 1176 977 totius

130 1015 212 1081 llllut
228 1013 315 1090 libri,
333 1032 426 1094 quem
441 1011 573 1076 Volcatio
589 1009 687 1088 Tullo,
701 1013 756 1096 qui
776 1013 811 1073 l.
833 1014 870 1073 U.
893 1034 947 1096 721
967 1034 1040 1073 cum
1058 1014 1177 1073 Caesare

128 1113 300 1176 (lauriano
313 1110 423 1172 consul
440 1101 558 1186 fuerat,
576 1110 672 1193 elegia
690 1113 790 1194 prima
807 1111 930 1187 addita,
951 1112 1112 1194 inscripsit.
1128 1113 1175 1172 Ab

128 1208 188 1271 lsoc
207 1222 313 1269 umen
333 1208 401 1293 ipso
422 1207 517 1268 Tullo
540 1209 694 1270 diversum
716 1223 817 1271 statuo
839 1207 947 1284 illum,
961 1210 1000 1270 ad
1020 1230 1113 1291 quem
1131 1223 1177 1268 est

126 1305 221 1389 alagia
235 1305 256 1367 6
270 1302 325 1365 lib.
342 1305 371 1383 l,
383 1319 413 1365 et
425 1326 462 1365 22
475 1305 530 1366 lib.
544 1306 599 1367 lll.
611 1306 730 1369 Scilicet
744 1306 796 1368 ille
805 1305 928 1382 Tullus,
940 1308 989 1367 cui
998 1305 1176 1388 Propertius

127 1402 283 1485 inscripsit
296 1421 385 1462 suam
400 1401 585 1480 Crurursu,
600 1415 646 1463 est
658 1404 692 1463 h.
708 1405 739 1466 V
736 1401 857 1464 claudus
873 1400 988 1478 Tullus,
1002 1403 1036 1463 t.
1038 1401 1125 1484 filius
1135 1402 1179 1481 (is

127 1502 239 1565 laucius
256 1501 386 1562 fortasse
403 1499 456 1562 ille
470 1501 535 1584 ipse
549 1517 612 1579 est,
631 1504 685 1584 qui
706 1503 740 1562 l.
760 1503 798 1563 U.
820 1503 878 1563 688
895 1501 1002 1563 consul
1022 1500 1084 1561 fuit
1103 1521 1175 1561 cum

125 1600 169 1662 Μ.
189 1597 314 1661 lEmilio
331 1596 482 1681 Lepido),
501 1601 557 1682 qui
580 1620 651 1659 cum
665 1600 783 1660 Caesare
798 1599 827 1659 ll
840 1597 966 1659 consule
979 1595 1176 1658 consulatum

123 1699 225 1780 acuit.
238 1695 297 1757 sed
315 1696 340 1758 is
358 1697 423 1783 ipse
436 1696 544 1758 consul
560 1696 646 1759 haud
666 1696 760 1757 dubie
778 1695 839 1757 fuit
857 1710 978 1778 patruus
996 1693 1075 1756 illius
1097 1692 1176 1754 Tulli

115 1790 260 1877 junioris,
274 1791 314 1854 ad
328 1812 422 1874 quem
436 1805 480 1855 est
493 1791 592 1874 elegia
601 1796 622 1855 6
631 1793 685 1853 lib.
697 1794 727 1869 l,
747 1790 941 1874 significante
958 1795 1026 1875 ipso
1042 1793 1174 1874 Proper-

123 1890 167 1951 tio
176 1909 220 1952 νε.
239 1901 303 1971 ¹9·¹
318 1891 424 1973 Neque
433 1891 517 1952 anim
526 1893 686 1974 antiquior
695 1890 748 1952 ille
755 1889 880 1967 Tullus,
892 1912 963 1952 curn
973 1889 1089 1973 Lepido
1099 1910 1175 1950 con·

124 1985 188 2063 tul,
203 1984 279 2048 adeo
294 1987 386 2048 rebus
400 1989 489 2070 gestis
503 1988 661 2063 inclaruit,
677 2001 713 2049 ut
726 1989 905 2072 Propertius
919 1987 983 2071 ejus
996 2008 1070 2049 cum
1083 1985 1177 2048 laude

124 2086 300 2149 meminisse
313 2087 463 2151 videatur.
478 2088 598 2151 Rectius
611 2086 731 2162 credas,
745 2102 870 2170 poetam
883 2090 954 2149 rivo
966 2100 1174 2169 suo-patrono

122 2180 217 2245 Tullo
231 2181 395 2245 adulatum
408 2184 503 2245 fuisse
515 2205 605 2244 versu
621 2182 694 2244 illo:

307 2337 344 2383 Tu
352 2339 432 2399 patrui
439 2338 533 2384 meritas
544 2351 628 2384 conus
637 2336 725 2384 anteire
733 2352 832 2385 secures.

123 2448 181 2508 llic
195 2449 289 2531 igitur
303 2450 404 2514 adhuc
418 2452 542 2534 juvenis
556 2465 637 2527 erat,
651 2466 695 2528 et,
711 2418 744 2513 ni
757 2452 865 2532 fallor,
880 2453 1006 2535 aequalis
1019 2451 1083 2538 iere
1096 2453 1174 2512 Pro-

121 2549 237 2629 pertio,
249 2570 305 2611 nec
317 2550 394 2611 dum
406 2551 543 2633 aliquem
552 2552 768 2632 magistratum
777 2565 922 2635 gesserat,
935 2553 987 2613 sed
998 2553 1099 2613 omnis
1108 2548 1174 2632 ejus

122 2639 248 2705 fortuna
262 2659 293 2705 et
306 2668 373 2729 spes
388 2645 491 2707 adhuc
506 2647 539 2705 in
554 2645 650 2707 herba
665 2660 743 2724 erat,
759 2650 849 2710 sicuti
863 2671 898 2709 cx
910 2648 986 2730 eleg.
1000 2669 1036 2707 22
1048 2647 1102 2707 lib.
1114 2647 1173 2723 ΙΙΙ,

119 2736 174 2817 do,
188 2761 253 2802 non
267 2743 370 2826 inepte
379 2742 515 2823 colligas.
528 2745 587 2813 Hic
595 2743 705 2825 junior
716 2745 838 2823 Tullus,
853 2744 937 2806 filius
950 2744 1053 2805 fratris
1064 2763 1175 2804 cousu-

119 2835 172 2912 lis,
188 2858 207 2897 a
220 2841 384 2922 Propertio
403 2850 533 2900 vocatur
546 2839 593 2918 (l,
612 2842 650 2918 6,
670 2839 727 2922 34)
744 2864 813 2924 puis
827 2844 937 2923 accepti
954 2843 1086 2922 imperii3
1102 2858 1173 2920 qute

119 2931 238 3014 phrasis
257 2933 336 2994 nihil
359 2933 446 2995 aliud
470 2937 638 3016 significat,
660 2959 755 3021 quam
768 2939 916 3022 juvenem
934 2938 1025 2999 illum
1043 2936 1173 2997 Tullum

119 3027 213 3092 fuisse
231 3032 266 3091 in
279 3029 425 3108 cohorte,
440 3033 472 3093 id
487 3046 531 3093 est
549 3034 627 3096 inter
639 3039 766 3098 comites
778 3052 806 3097 et
818 3037 931 3098 amicos
940 3035 999 3097 viri
1011 3033 1172 3118 cujusdam

119 3125 196 3187 clari
208 3142 238 3189 et
251 3129 438 3207 consularis,
452 3132 502 3192 cui
516 3133 703 3196 Octavianus
719 3135 877 3217 singulare
892 3133 1053 3215 quoddam
1073 3136 1172 3214 impe·

119 3224 217 3299 rium,
230 3224 386 3300 dederit²;
403 3228 491 3287 sicuti
503 3230 531 3304 l,
547 3251 600 3306 21,
615 3229 650 3310 4,
660 3255 729 3316 pars
743 3232 854 3293 militie
863 3245 907 3291 est
920 3250 1002 3291 unus
1013 3229 1051 3288 de
1063 3228 1171 3288 militi-

158 3363 352 3436 i.Conjectura
363 3368 621 3443 Barthii‚quamnun
666 3375 702 3429 ad
716 3394 796 3449 quem
814 3386 917 3428 exstant
931 3372 1042 3444 elegire:
1061 3370 1094 3425 de
1114 3372 1171 3442 pri.

119 3445 273 3514 acclplmut.
299 3444 393 3516 Neque
418 3449 487 3499 euim
512 3451 539 3502 ln
564 3462 621 3502 toto
667 3475 710 3508 mo
735 3469 824 3508 autem
842 3453 910 3507 libro
935 3466 996 3526 post
1020 3451 1171 3503 Lachman-

117 3522 256 3611 P¹⁰Pffnl⁰
271 3521 379 3574 ”rhum
396 3529 526 3595 occun'it,
548 3528 622 3603 quud
666 3551 731 3585 num
748 3533 825 3586 nobis
839 3534 877 3585 ita
893 3530 1012 3596 videtur,
1029 3543 1059 3582 ut
1076 3547 1171 3601 pamm

117 3612 164 3651 ²¹¹¹
186 3601 386 3671 111801’ῙΡῑίὓῦθῑὶῑ
412 3606 489 3658 issam
515 3620 621 3661 *utatur
665 3625 736 3665 recte
758 3611 885 3665 adhunc
906 3629 991 3683 usque
1007 3609 1078 3661 diem
1094 3627 1110 3660 a
1129 3627 1170 3661 se·

116 3679 177 3732 libri
190 3682 268 3751 primi
283 3682 319 3735 ad
335 3684 457 3753 Thllum,
471 3701 518 3741 aut
537 3690 620 3743 fuisse
665 3689 755 3743 cundo
769 3692 901 3761 tertioque
917 3700 1056 3760 separatus
1071 3687 1169 3753 fuerit,

115 3758 209 3812 Tullus
222 3760 438 3836 duos,patruam
448 3781 474 3821 st
484 3784 619 3842 nepotem,
665 3770 761 3841 quibus
785 3769 870 3821 tribus
900 3768 1051 3839 conjunctis
1072 3766 1170 3818 Noster

115 3839 258 3909 aiquilicet,
273 3841 323 3894 suh
332 3842 620 3918 diversoquorumno·
663 3847 771 3900 titulum
788 3848 909 3899 Cirrata
934 3847 1106 3917 inscripserit.
1122 3847 1169 3896 Vi·

6 3941 12 3954 ·
115 3919 187 3970 mine
197 3918 299 3993 aliquot
308 3936 393 3994 poete
402 3926 487 3976 nostri
501 3929 618 3979 carmina
663 3924 697 3980 de
723 3939 779 3977 not.
802 3923 868 3977 libro
891 3928 903 3977 1
925 3925 1082 3996 premissam
1103 3942 1165 3996 pag.

113 3994 256 4066 prodeant.
266 4002 355 4054 Unum
367 4002 542 4076 eumdemque
552 4004 619 4056 Tul·
662 4004 707 4058 35.
725 4005 772 4056 En.

113 4072 187 4141 laus,
197 4079 347 4149 Juniorsm,
358 4082 470 4136 iacimus
480 4100 528 4137 nos
540 4102 617 4151 eum,
700 4099 724 4135 s.
739 4080 806 4135 Vide
819 4095 876 4133 not.
887 4083 899 4133 l
907 4118 916 4146 ,
930 4081 963 4146 6,
976 4079 1019 4145 34.
