2656 4800
235 658 318 770 ΙΝ
360 660 906 784 ,PROPERTIUM

413 919 775 1020 PRAEFATIO.

537 1183 646 1201 en·—

116 1397 223 1492 Quod
238 1398 405 1474 volumen
427 1399 518 1474 istud
535 1399 664 1475 nullius
681 1403 883 1501 interpretis
899 1403 1045 1472 nomine
1062 1403 1116 1472 in-

72 1520 236 1614 scriptum
250 1517 419 1616 prodeat,
436 1521 567 1590 mirum
587 1515 737 1591 forsitan
754 1517 820 1589 tibi
835 1515 1026 1607 videbitur,
1043 1513 1116 1587 lec-

78 1643 125 1700 tor
141 1634 293 1728 optime;
311 1631 374 1704 sed
396 1659 507 1732 quum
532 1649 634 1707 notas
658 1649 694 1706 et
717 1647 843 1706 caetere
864 1635 970 1706 totius
995 1633 1115 1730 operis

80 1762 276 1820 ornamenta
296 1745 456 1849 diligenti
479 1755 599 1824 animo
625 1752 889 1852 recognoveris,
907 1746 1115 1820 admiratio·

81 1886 150 1934 nem
172 1860 337 1961 profecto
358 1864 531 1964 majorem
558 1863 715 1938 futuram
734 1863 801 1938 tibi
821 1861 926 1936 facile
952 1858 1115 1933 credide-

83 1979 146 2047 rim.
158 1978 366 2052 Doctrinam
383 1984 534 2071 etenim,
552 1979 708 2053 studium
723 1977 1005 2076 industriamque
1023 1970 1117 2054 adeo

83 2117 141 2163 non
157 2091 240 2166 huic
265 2095 359 2170 libro
383 2093 536 2170 defuisse
557 2101 732 2188 invenies,
756 2112 902 2197 tamque
918 2096 1114 2193 patientem

83 2204 242 2304 ubiqneet
253 2214 405 2308 peritam
418 2214 621 2311 interpretis
638 2203 885 2310 deprehendes
901 2231 1064 2294 manum,
1076 2220 1115 2277 ut

81 2315 204 2393 laudem
216 2327 297 2458 satis
308 2324 481 2423 amplam,
494 2328 766 2470 quicumque
725 2349 850 2453 curam
858 2321 957 2420 hano
948 2342 1114 2439 ’gravem

80 2558 228 2651 cognosci
256 2573 449 2630 vereretur.
475 2561 609 2631 Totum
632 2519 732 2666 enirn
751 2556 846 2676 lappe
871 2483 1034 2649 lebdrem
1061 2560 1115 2627 vir

80 2663 165 2740 nobis
180 2674 410 2745 amicissimus
424 2672 593 2764 coniecit,
612 2688 647 2746 et
659 2683 766 2793 pace
763 2654 877 2780 illitis
883 2632 1018 2774 dicad,
1031 2695 1115 2767 per·

80 2774 156 2855 lecit.
178 2785 301 2877 Quum
321 2804 440 2862 autem
461 2815 638 2861 summam
659 2773 795 2923 ppeii‘.
783 2774 941 2891 ‘satannio
927 2786 1113 2872 nondum

75 2896 268 2995 imposuisse
284 2900 351 2974 sibi
370 2902 565 2993 videretur,
584 2922 619 2976 et
632 2930 750 2976 murus
731 2889 1002 3003 probarentur
1017 2928 1114 3001 quae·

71 3010 145 3084 dam
167 3007 371 3091 etiamnunc
394 3037 534 3119 partes,
560 3026 758 3120 praesertim
775 3020 874 3122 quod
903 3018 949 3092 ad
974 3017 1113 3090 indices

66 3133 204 3219 attinet,
218 3157 285 3204 nec
292 3133 369 3230 jam
380 3139 510 3209 sineret
522 3150 680 3234 tempus,
698 3151 846 3234 urgente
862 3129 965 3231 hujus
984 3129 1114 3202 editio-

63 3246 113 3316 nis
132 3240 231 3344 lege,
248 3245 427 3320 sedulitati
447 3253 597 3321 nimium
615 3265 747 3349 argutae
766 3249 966 3335 immorari,
980 3268 1114 3317 nornen

58 3383 159 3430 snum
176 3364 229 3433 vir
246 3359 372 3435 doctus
386 3362 489 3438 nobis
511 3363 653 3454 invidit,
672 3391 736 3454 ne,
754 3367 783 3437 si
800 3362 888 3463 quid
905 3360 1022 3435 adhuc
1038 3385 1114 3431 cas·

57 3476 200 3572 tigatius
216 3472 489 3570 desideraretur,
507 3503 587 3555 reus
602 3477 720 3569 fieret,
733 3476 971 3578 singularique
983 3471 1044 3546 illa
1060 3499 1112 3546 re·

54 3587 188 3687 ligione
207 3607 243 3662 et
261 3609 301 3663 ut
318 3597 367 3665 ita
389 3594 506 3667 dicam
523 3595 711 3669 ambitiosa
732 3574 906 3681 modestia
924 3618 960 3665 se
977 3592 1111 3665 meritae

50 3703 171 3777 laudis
188 3705 307 3779 fructu
323 3708 558 3784 defraudavit.

104 3820 317 3893 Cedendum
343 3829 450 3922 igitur
479 3824 546 3898 fuit
573 3824 655 3898 huic
673 3823 873 3913 voluntati,
907 3846 1111 3922 quanquam

48 3962 168 4035 quum
181 3963 293 4008 unum
308 3955 440 4013 etanto
452 3966 600 4013 numero
615 3945 823 4015 Latinorum
839 3955 1025 4011 auctorum
1037 3939 1111 4008 sine

48 4068 155 4124 certo
181 4056 382 4152 interpretis
405 4061 547 4130 nomine
573 4056 749 4156 evulgari,
766 4076 842 4131 tum
865 4056 1109 4129 doctissimum
